3142 4925
831 377 874 438 30

355 550 487 633 „Hisce“
506 550 601 613 etiam
619 550 683 614 Mil.
702 553 769 615 290
787 571 805 616 e
824 533 969 616 codicum
987 553 1170 636 corruptelis
1188 553 1360 618 eruendum
1378 559 1440 618 ost:

309 657 454 721 Profecto
476 655 543 719 vidi
561 692 602 704 -
623 657 740 721 Tutin?
759 693 803 703 -
821 658 956 740 Egomet
974 658 1096 722 duobus
1113 658 1199 723 hisce
1218 658 1316 724 oculis
1333 659 1421 743 meis,

264 764 319 828 ubi
338 762 463 827 codices
481 762 623 845 plerique
641 768 672 827 et
691 763 826 828 editores
845 784 952 828 omnes
964 763 1051 839 ‚‚his“
1073 764 1226 847 scribunt;
1245 765 1302 830 sed
1321 783 1392 830 cum
1406 765 1440 829 in

265 871 313 934 Ba
331 869 373 935 sit
389 868 490 951 „hio“‚
510 867 653 933 ducimur
671 869 713 933 ad
728 870 860 933 formam
877 871 1013 954 „hisce“,
1031 890 1126 952 quam
1145 876 1177 935 et
1194 871 1236 939 in,
1248 870 1334 947 ‚‚his“
1357 878 1388 936 et
1406 873 1441 936 in

268 975 356 1052 „hic‘
379 974 504 1058 saepius
524 962 702 1059 correptam
721 995 791 1041 esse
812 977 874 1041 loci
892 977 981 1045 allati
998 977 1218 1061 probauerunt
1233 977 1441 1045 ——Fortasse

264 1082 359 1147 etiam
378 1081 472 1145 Marc.
493 1082 571 1146 684:

309 1189 427 1253 Nescio
445 1194 558 1270 quaest
574 1187 686 1253 mulier
704 1187 788 1255 intus
805 1189 857 1253 hic
874 1189 907 1253 in
926 1190 1065 1255 aedibus.

267 1294 373 1371 „hisce
385 1294 419 1357 in
433 1294 584 1358 aedibus‘
596 1294 727 1360 Plautus
746 1294 878 1380 scripsit.
889 1332 931 1341 -
941 1297 1066 1362 Deinde
1074 1297 1168 1361 Most
1176 1297 1254 1361 336:
1272 1298 1357 1362 Num
1374 1318 1440 1362 non

263 1401 312 1465 vis
331 1400 456 1465 obviam
474 1400 522 1464 his
540 1400 586 1466 ire
604 1420 656 1465 me
670 1438 709 1450 -
722 1400 756 1465 in
773 1401 809 1466 R
821 1408 876 1467 est
893 1402 976 1467 his..
995 1422 1030 1467 re
1047 1423 1111 1487 me,
1130 1404 1215 1486 quod
1234 1424 1303 1469 esse
1321 1409 1439 1488 potest:

263 1507 378 1572 hiscine
404 1526 468 1589 me,
496 1513 600 1589 atque,
619 1507 743 1572 etiamsi
765 1513 893 1591 propter
916 1509 1061 1572 codicum
1084 1507 1110 1573 0
1133 1514 1165 1574 et
1186 1511 1239 1574 Da
1265 1510 1438 1594 scripturas

264 1613 317 1698 qd:
335 1613 384 1678 his
399 1613 428 1677 ei
446 1633 481 1677 re
494 1632 558 1695 me,
577 1614 641 1678 Da:
660 1613 687 1678 is
702 1614 766 1679 oire
779 1615 845 1698 me)
869 1614 902 1679 in
920 1616 956 1679 Β.
979 1615 1129 1699 scriptum
1151 1616 1248 1681 fuisse
1275 1623 1437 1701 putemus:

262 1720 311 1785 his
321 1703 452 1801 eirene,
470 1724 577 1783 tamen
589 1726 646 1795 ‚‚e“
667 1720 771 1786 ineire
790 1720 943 1803 reliquum
962 1742 1031 1787 esse
1050 1741 1090 1785 cx
1107 1721 1229 1798 „hisoc“
1249 1724 1435 1807 putaverim,

262 1846 361 1908 quare
380 1835 450 1890 cum
468 1825 621 1889 Lorenzio
641 1831 672 1890 et
689 1827 758 1890 FZ:
781 1827 886 1903 „hisce
903 1827 969 1892 ire“
990 1828 1100 1893 scribo.

351 1932 410 1996 His
426 1931 523 2014 igitur
541 1931 683 1996 omnibus
701 1932 777 1998 locis
800 1933 922 2008 ‚‚hisoe“
936 1939 992 1999 aut
1008 1935 1041 1998 in
1060 1935 1203 2000 omnibus
1222 1941 1277 1999 aut
1294 1936 1334 1999 in.
1345 1943 1437 2020 parte

263 2037 407 2104 codicum
425 2043 585 2104 seruatum
604 2044 664 2122 est,
692 2045 747 2103 aut
766 2060 783 2104 e
803 2040 947 2104 codicum
970 2042 1153 2125 corruptelis
1176 2062 1248 2106 cum
1268 2042 1437 2126 probabili-

261 2150 328 2209 tate
347 2144 414 2209 erui
430 2149 547 2229 potest,
566 2165 674 2209 verum
697 2145 772 2227 quia
795 2146 942 2230 vidimus,
964 2153 1040 2229 quot
1062 2148 1169 2212 turbas
1186 2147 1266 2212 haec
1284 2148 1385 2212 forma
1402 2150 1436 2212 in

189 2334 191 2339 .
263 2250 425 2315 codicibus
444 2250 597 2334 excitarit,
616 2270 687 2314 cum
704 2252 861 2317 nonnullis
884 2253 961 2318 locis
981 2254 1099 2336 exigua
1122 2258 1245 2318 tanturn
1267 2254 1358 2319 huius
1376 2255 1436 2318 t'or-

261 2377 333 2421 mae
351 2357 557 2423 remanserint
574 2356 719 2439 vestigia,
738 2358 809 2423 aliis
827 2358 910 2424 illius
924 2357 997 2442 „ce“
1015 2360 1048 2423 in
1068 2365 1158 2443 parte
1178 2360 1321 2425 codicum
1340 2366 1436 2443 atque

263 2464 358 2528 etiam
383 2464 418 2527 in
445 2464 569 2549 optimis
598 2464 758 2529 codicibus
791 2484 882 2530 omne
913 2466 1064 2530 indicium
1096 2467 1272 2550 evanuerit,
1307 2469 1435 2532 minime

261 2571 374 2634 mirum
392 2576 448 2653 est,
467 2571 551 2653 quod
568 2570 723 2634 nonnullis
741 2570 820 2635 locis
837 2570 871 2635 iu
888 2573 974 2637 nullo
984 2573 1094 2637 codice
1111 2572 1195 2638 illius
1214 2593 1250 2638 ce
1267 2574 1436 2656 vestigium

262 2681 422 2741 servatum
440 2682 495 2742 ost.
522 2677 592 2742 Sed
608 2697 684 2761 pars
702 2696 811 2741 eorum
827 2676 965 2742 locorum
984 2680 1096 2760 quibus
1113 2679 1197 2763 „his‘
1215 2685 1290 2744 ante
1307 2681 1435 2745 vocales

261 2783 294 2846 in
312 2804 384 2848 mss.
403 2783 579 2849 invenimus
598 2784 637 2848 ob
654 2783 737 2848 xalias
756 2803 872 2848 causas
889 2791 1036 2869 corrupta
1055 2791 1110 2851 est

261 2889 315 2954 Sic
324 2889 439 2953 Bacch.
450 2891 528 2954 581:
546 2890 637 2954 Foris
655 2890 778 2973 pultare
797 2889 907 2954 nescis.
926 2891 1034 2973 ecquis
1052 2892 1100 2957 his
1117 2893 1152 2956 in
1170 2893 1338 2958 acdibust?

265 3009 269 3012 ⁴
305 2995 407 3080 primo
426 2995 535 3060 obtutu
553 2995 636 3078 „his“
655 2995 832 3061 eiciendum
850 3015 920 3061 esse
938 3004 1079 3081 apparet.

304 3101 409 3184 Atque
426 3101 511 3165 idem
529 3102 710 3166 laciendum
728 3121 799 3166 esse
817 3102 954 3167 videtur:

199 3254 201 3258 Α
260 3206 371 3291 Amph.
382 3207 542 3289 srgssd:
557 3207 715 3273 Absentis„
732 3207 810 3292 (his)
829 3209 1004 3275 Alcumena
1023 3209 1177 3295 decipitur
1195 3211 1283 3295 dolis,

260 3312 315 3376 ubi
333 3311 469 3377 editores
487 3313 689 3397 seripserunt:
716 3314 782 3396 „his
800 3315 983 3399 Alcmena“,
1005 3316 1063 3380 sed
1086 3336 1157 3381 oum
1174 3317 1383 3400 ‚‚Aloumena“
1401 3318 1435 3381 in

261 3418 405 3484 omnibus
422 3419 509 3484 libris
528 3420 660 3502 legatur,
677 3438 740 3485 non
756 3420 926 3486 verisimile
944 3422 1187 3504 cst„Alcmena“
1204 3423 1367 3507 scripsisse
1386 3444 1435 3487 ar-

262 3524 403 3607 gumenti
421 3525 666 3610 compositorem.
702 3526 745 3590 At
762 3526 838 3591 mihi
856 3527 992 3592 obicient
1010 3528 1144 3593 editores
1163 3530 1259 3593 etiam
1268 3550 1297 3594 v.
1308 3531 1337 3593 3.
1347 3529 1435 3593 illum

261 3632 480 3715 „Alcmenam“
498 3631 671 3714 scripsisse:
698 3632 883 3698 Alcmenam
901 3653 1031 3699 uxorem
1054 3634 1139 3717 cepit
1159 3635 1349 3717 usurariam3
1376 3635 1435 3700 scd

263 3737 386 3804 etiamsi
404 3738 455 3802 hic
472 3758 580 3803 versus
598 3744 683 3802 recte
700 3739 836 3805 traditus
853 3741 903 3823 sit,
925 3739 1002 3822 qnid
1020 3739 1136 3824 obstat,
1160 3741 1235 3824 quin
1258 3746 1435 3807 statuamus

263 3865 334 3910 eum
352 3865 415 3911 uno
433 3845 503 3909 loco
518 3844 573 3908 illa
592 3865 686 3927 quam
703 3844 738 3923 in
755 3845 865 3909 fabula
887 3865 1010 3930 semper·
1030 3845 1225 3930 inveniebat,
1252 3848 1350 3912 altero
1368 3847 1434 3913 suis
1469 3836 1472 3841 ¹
1557 3832 1559 3887 l

261 3952 453 4036 temporibus
475 3951 592 4016 usitata
616 3952 715 4015 lorrna
738 3971 830 4016 usum
857 3971 939 4035 esse,
967 3958 1059 4035 prout
1080 3953 1114 4017 in
1140 3972 1266 4018 versum
1284 3953 1363 4018 haec
1382 3954 1434 4018 vel

261 4058 316 4123 illa
334 4059 435 4122 torma
452 4056 644 4141 quadraret?
671 4058 795 4122 Tamen
807 4058 918 4123 lacere
936 4079 999 4123 non
1016 4079 1144 4142 possum
1163 4060 1238 4141 quin
1255 4081 1284 4124 1.
1300 4061 1329 4124 3.
1344 4060 1434 4143 „Ale-

262 4164 405 4230 meuarn“
431 4164 464 4227 in
490 4163 700 4247 suspicionem
727 4183 851 4246 vocem3
878 4185 953 4229 nam
974 4170 1195 4248 praeterquam
1223 4166 1308 4248 quod
1331 4167 1434 4232 torma
