3142 4925
793 409 836 472 46

193 597 200 612 ·
222 586 336 670 „baee“
357 585 524 651 reieiainus
548 585 593 650 eis
617 585 729 668 quibus
751 584 785 650 iu
807 585 894 651 libris
915 585 1064 652 traditum
1089 592 1135 651 est
1158 586 1247 670 locis,
1270 607 1398 670 prorsus

222 693 309 757 nulla
331 698 378 757 cst
397 711 495 756 causa
513 689 637 757 idonea.
664 694 763 757 Immo
780 712 845 756 non
861 692 955 758 modo
973 692 1022 757 his
1040 693 1117 758 locis
1135 692 1252 777 „baec“
1269 711 1398 757 servan-

222 798 297 863 dum
321 803 381 881 est,
404 797 462 862 sed
487 798 584 862 etiam
608 798 678 863 aliis
701 799 778 863 locis
796 799 944 863 Plautum
967 799 1129 884 scripsisse
1151 798 1267 882 ‚,haec“
1288 799 1397 864 verisi-

193 905 384 969 millimum
402 909 457 985 est,
484 910 653 988 propterea
679 903 763 987 quod
792 913 824 967 et
851 904 881 968 ei
908 904 970 970 loci
998 904 1110 988 quibus
1132 906 1166 970 in
1187 925 1250 970 uno
1272 910 1397 972 tantum

222 1012 344 1093 codice,
363 1010 545 1093 plerumque
563 1010 597 1076 in
614 1010 835 1093 Ambrosiam,
853 1009 908 1094 „c“
924 1012 1075 1077 remansit
1093 1017 1125 1076 et
1143 1012 1173 1076 ei
1190 1012 1303 1094 quibus
1321 1018 1396 1076 ante

221 1118 348 1185 vocales
365 1116 399 1179 in
417 1115 559 1180 omnibus
577 1135 649 1181 mss.
672 1115 772 1192 ‚,bae“
793 1115 916 1199 legitur,
936 1136 1007 1182 cum
1025 1137 1134 1183 versus
1151 1118 1269 1194 ‚‚baeo“
1294 1117 1396 1200 requi-

221 1231 282 1308 rat,
318 1222 494 1288 luculenter
526 1221 741 1287 demonstrant
771 1243 925 1308 persaepe
957 1223 1103 1289 inlibris
1139 1230 1195 1300 ,‚c“
1230 1223 1397 1289 excidisse.

221 1333 343 1396 'lamen
375 1328 500 1393 criticus
533 1334 645 1393 cautus
677 1334 709 1392 et
741 1328 959 1395 consideratus
996 1329 1091 1394 etiam
1124 1350 1231 1396 eorum
1256 1330 1396 1394 locorum

221 1436 390 1513 nonnullis,
410 1433 524 1517 quibus
541 1455 626 1499 nunc
643 1435 676 1500 in
696 1435 858 1502 codicibus
876 1436 1019 1502 omnibus
1036 1436 1152 1519 legitur
1172 1437 1283 1520 „bae“,
1301 1437 1396 1501 Plau-

220 1551 287 1609 tum
314 1542 475 1626 scripsisse
506 1540 624 1618 ,‚baeo“
654 1541 788 1607 fortasse
812 1543 964 1607 concedet
986 1543 1038 1608 ille
1062 1543 1203 1627 quidem,
1230 1543 1288 1608 sed
1310 1542 1396 1607 nolet

222 1669 370 1733 umquam
389 1652 498 1712 contra
521 1648 647 1713 codices
670 1648 839 1731 quicquam
862 1669 992 1727 novare,
1022 1670 1106 1733 cum,
1130 1651 1259 1733 quinam
1280 1649 1342 1715 sint
1365 1648 1396 1713 ei

221 1755 292 1840 loci,
310 1756 422 1839 quibus
439 1755 572 1819 Plautus
593 1754 712 1831 ,‚baec“
733 1776 796 1820 non
819 1755 918 1831 ‚‚bae“
941 1757 1064 1839 dixerit,
1081 1757 1168 1821 nullo
1185 1756 1278 1821 modo
1296 1755 1396 1839 possit

221 1863 371 1947 expediri.
416 1860 544 1926 Rectius
562 1861 613 1925 bic
631 1860 700 1927 sine
718 1861 815 1926 dubio
832 1862 920 1945 i'acit,
943 1883 1037 1945 quam
1062 1863 1116 1946 qui
1138 1862 1294 1928 nonnullis
1316 1860 1394 1926 locis

221 1969 317 2055 ‚,bae“
334 1969 367 2034 in
385 1967 500 2052 „haeo“
518 1967 785 2051 mutant,cete1is
804 1968 900 2051 „hae“
917 1969 1064 2052 retinent,
1084 1969 1160 2052 quia
1178 1969 1263 2052 quod
1280 1968 1326 2032 illi
1343 1987 1394 2032 su·

220 2082 309 2141 munt
323 2074 479 2159 quaedam
493 2073 648 2139 vocabula
666 2073 824 2157 requirere
837 2074 961 2159 „baec“‚
976 2075 1040 2139 alia
1053 2075 1158 2159 „hae“,
1167 2075 1219 2140 vel
1231 2096 1281 2142 res
1296 2081 1327 2140 et
1340 2074 1395 2139 ho-

219 2184 319 2248 mines
342 2181 396 2264 qui
414 2201 520 2245 coram
539 2179 654 2245 adsunt
675 2181 842 2245 monstrari
859 2181 960 2245 ibrma
977 2182 1100 2264 „baec“,
1120 2183 1266 2248 absentes
1289 2182 1392 2247 forma

221 2289 326 2374 „bae“,
348 2288 433 2352 nullo
456 2286 549 2351 modo
577 2286 703 2371 probari
731 2291 843 2370 potest.
887 2287 955 2370 Epo
981 2308 1052 2352 uero
1074 2308 1193 2369 semper
1216 2309 1275 2369 pro
1298 2287 1398 2365 „iu1e“‚

221 2395 402 2462 substituere
419 2392 530 2477 „buec“
547 2393 645 2457 audeo
663 2413 765 2477 neque
788 2399 894 2460 tamen
917 2393 1100 2459 temeritatis
1123 2394 1321 2480 opprobrium
1343 2415 1394 2458 me

221 2503 297 2568 mibi
320 2504 552 2567 contracturum
575 2519 673 2583 spero.
719 2501 804 2564 Nam
826 2500 854 2565 si
876 2507 1055 2584 spectamus
1079 2522 1133 2566 eos
1155 2502 1254 2585 locos,
1281 2501 1393 2584 quibus

221 2630 302 2676 nom.
321 2608 392 2673 fem
411 2627 481 2688 gen.
500 2606 639 2688 sequitur
656 2606 784 2690 vocalis,
804 2608 915 2690 quibus
934 2608 1049 2691 „haeo“
1067 2609 1214 2673 Plautum
1232 2614 1264 2674 et
1277 2609 1395 2673 Teren-

221 2719 299 2782 tium
316 2734 439 2798 semper
456 2712 619 2795 scripsisse
638 2718 773 2795 constat,
798 2713 885 2797 apud
902 2715 1048 2779 Plautum
1065 2714 1241 2783 invenimus
1264 2714 1394 2780 totidem

221 2825 288 2889 iere
314 2821 391 2886 locis
417 2820 451 2883 in
479 2817 640 2883 codicibus
667 2820 809 2884 omnibus
831 2820 885 2903 „c“
909 2820 1027 2904 deesse,
1055 2827 1130 2903 quot
1156 2826 1315 2887 servatum
1338 2826 1394 2901 est,

222 2935 317 3011 atque
344 2931 491 3009 quattuor
517 2925 593 2990 locis
616 2925 851 3011 Terentianis1)
879 2927 1034 3011 omnibus,
1062 2933 1282 3011 praeterquam
1309 2926 1395 3009 quod

222 3035 343 3100 duobus
361 3032 394 3097 in
412 3032 440 3095 Α
458 3030 574 3115 „baec“
592 3033 753 3116 remansit,
775 3033 809 3097 in
836 3033 979 3099 omuibus
1001 3034 1092 3100 bonis
1115 3033 1275 3099 codicibus
1298 3032 1395 3116 „bae“

188 3184 190 3187 -
221 3140 371 3224 scriptum
387 3158 467 3205 esse,
512 3138 615 3220 Atque
635 3138 809 3220 cumidem
828 3139 912 3221 quod
936 3146 1010 3205 ante
1032 3140 1158 3206 vocales
1180 3140 1301 3204 factum
1324 3158 1394 3204 csse

221 3247 372 3328 videmus
383 3250 466 3310 certe
484 3263 547 3309 non
564 3244 667 3309 minus
686 3265 783 3328 saepe
802 3252 876 3311 ante
896 3266 979 3312 cons.
993 3246 1112 3312 sactum
1126 3268 1195 3312 esse
1208 3245 1394 3313 sumendum

221 3354 270 3436 sit,
289 3352 396 3434 itaque
410 3371 481 3415 cum
496 3350 592 3415 etiam
610 3356 684 3414 ante
704 3371 788 3416 cons.
807 3352 940 3417 formam
957 3353 1073 3437 „haec“
1091 3374 1153 3418 non
1172 3353 1298 3437 saepius
1315 3352 1394 3417 inte-

221 3480 311 3543 gram
329 3463 494 3541 servatam,
517 3478 611 3539 quarn
629 3457 662 3521 in
680 3457 776 3540 „bac“
797 3465 950 3524 mutatam
975 3459 1166 3525 credendum
1189 3461 1242 3542 sit3
1269 3460 1394 3542 „baec“,

221 3565 306 3648 quod
329 3563 508 3648 quindecim
529 3563 606 3629 locis
628 3564 822 3630 retinuerunt
844 3565 927 3649 libri,
955 3566 1051 3630 etiam
1074 3567 1187 3632 ceteris
1214 3563 1394 3649 quindecim

220 3671 297 3736 locis
324 3691 343 3734 a
370 3670 483 3735 Plauto
509 3669 659 3754 scriptum
686 3670 782 3736 fuisse
809 3678 900 3737 tanta
928 3692 999 3737 cum
1025 3672 1296 3737 verisimilitudine
1318 3670 1393 3739 mibi

221 3777 322 3842 conici
336 3796 429 3860 posse
442 3776 574 3859 videtur,
593 3784 744 3859 quantam
755 3778 790 3842 in
803 3778 851 3843 bis
870 3779 963 3843 rebus
982 3779 1107 3844 omnino
1124 3799 1289 3862 possumus
1308 3797 1394 3843 asse·

221 3914 236 3919 ..
243 3912 434 3920 -.ψοφῇ-...-

310 3954 333 4022 l)
356 3952 389 4006 In
411 3952 514 4006 Herma
536 3951 714 4007 Berolinensi
738 3955 761 4006 8.
777 3956 828 4007 481
853 3952 903 4008 ubi
926 3953 1115 4008 Terentianos
1137 3954 1217 4009 locos
1245 3952 1393 4021 composui

221 4041 303 4097 omisi
330 4041 415 4094 duos:
443 4040 649 4098 Hec.b‚1.36:
678 4042 748 4096 Nam
771 4058 827 4095 non
851 4047 918 4096 sunt
941 4042 1020 4097 solae
1044 4043 1198 4098 arbitratae
1225 4042 1308 4111 haec‘,
1337 4057 1393 4110 ego

222 4145 335 4200 quoque
354 4129 440 4183 ctiam
459 4128 567 4184 credidi
580 4128 635 4197 (Az
654 4129 719 4200 hap,
740 4130 842 4184 ceteri:
862 4129 924 4199 hae,
943 4130 1091 4185 Bentleius
1112 4147 1146 4185 ex
1165 4128 1246 4185 libris
1266 4130 1392 4197 ,baec“).

221 4219 287 4275 Hoc.
303 4222 327 4269 5.
342 4221 366 4271 2.
380 4222 427 4272 al:
446 4217 489 4272 At
508 4218 578 4273 hacc
596 4217 703 4272 amicae
723 4223 807 4272 erunt
825 4218 884 4286 (ubi
905 4218 988 4272 solus
1002 4218 1031 4273 A
1051 4219 1153 4285 ,baec“
1174 4218 1311 4288 retinuit).
