3142 4925
755 420 799 484 55

194 595 372 681 Poenprol.
383 598 439 661 83:
458 596 513 662 Set
530 596 575 660 illi
593 603 707 681 patruo
724 594 881 684 huius[ee]
901 596 955 680 qui
972 595 1049 661 vivit
1067 614 1172 659 senex.

363 705 438 767 120:
456 704 488 767 Is
506 703 551 767 illi
569 704 676 768 Poeno
693 701 849 790 huius[oe]
867 709 980 788 patruo
998 702 1113 786 hospes
1131 700 1198 765 fuit.

193 808 302 893 Amplu
315 811 341 874 1.
352 811 577 874 2.24=486:
597 811 652 875 Set
670 811 863 875 Alcumenae
880 806 1036 896 huiuspe]
1054 808 1178 873 honoris
1197 808 1302 890 gratia

194 913 253 999 (ll.
262 915 386 982 honoris
395 913 510 1001 huius).
529 917 586 982 His
596 922 743 998 quattuor
752 917 830 982 loeis
844 917 1012 993 ,‚huiusee“
1025 915 1174 998 seriptum
1184 919 1231 979 est
1244 914 1362 978 nullam

192 1021 287 1085 aliam
306 1022 344 1086 ob
364 1042 502 1106 oausam,
519 1022 579 1088 nisi
598 1029 634 1088 ut
646 1023 750 1088 hiatus
764 1023 797 1088 in
817 1022 1204 1107 oaesurapenthememeri
1216 1040 1363 1086 uersuum

192 1128 382 1193 senariorum
403 1128 608 1194 iambieorum
631 1130 800 1214 tolleretur,
828 1129 978 1212 quinum
1002 1129 1126 1194 omnino
1149 1127 1301 1192 radicitus
1323 1127 1363 1191 sit

192 1234 423 1319 exstirpandus,
451 1235 596 1317 equidem
618 1236 713 1302 valde
737 1237 854 1302 dubito.
899 1237 1012 1319 Neque
1038 1234 1143 1299 hiatus
1165 1234 1199 1298 in
1228 1233 1363 1299 diaeresi

190 1340 340 1404 trochaici
357 1362 466 1407 versus
484 1344 655 1427 septenarii
664 1344 758 1407 Mero.
769 1345 811 1408 97
819 1366 826 1406 :
846 1343 945 1421 Quasi
959 1348 993 1407 tu
1006 1362 1177 1426 numquam
1195 1340 1362 1423 quiequam

191 1446 333 1512 adsimile
345 1447 437 1513 huius
451 1448 529 1513 faeti
542 1449 678 1534 reperies
691 1488 731 1496 -
741 1449 817 1514 mihi
827 1450 1031 1514 offensionem
1039 1448 1179 1533 praebet,
1193 1467 1290 1529 quare
1300 1467 1362 1510 om·

189 1554 279 1619 nibus
292 1554 524 1640 mutationibus,
544 1577 622 1639 quas
631 1557 799 1621 Muellerus
816 1555 931 1621 multas
946 1561 980 1619 ut
988 1554 1068 1620 solet
1076 1554 1221 1639 proponit
1231 1553 1362 1638 („oonsi-

189 1660 280 1725 mile“
300 1661 352 1725 vel
372 1662 483 1744 „quasi
501 1663 547 1728 si“
569 1663 619 1727 vel
638 1662 702 1726 alia
720 1661 833 1747 multa)
850 1683 920 1728 oum
929 1663 1032 1727 R.nos
1051 1661 1256 1744 supersedere
1270 1680 1363 1744 posse
1491 1698 1494 1702 ν

190 1766 329 1832 arbitror.
374 1768 486 1850 Neque
506 1767 595 1852 Capt.
610 1770 639 1832 2.
655 1771 684 1834 2.
699 1770 742 1833 99
758 1799 801 1821 =
817 1770 881 1834 349
905 1769 981 1833 mihi
1003 1768 1162 1832 molestias
1187 1772 1285 1831 oreat:
1312 1767 1362 1830 Ne

189 1892 317 1937 vereare
331 1894 400 1937 meo
414 1873 555 1957 perieulo
568 1876 659 1941 huius
674 1897 734 1959 ego
750 1876 896 1960 experiar
908 1875 972 1939 fide
981 1912 1032 1958 —,
1048 1874 1195 1958 quianon
1210 1874 1362 1938 assentior

189 1979 234 2043 eis
253 1979 307 2061 qui
332 1979 510 2064 ,‚perioulo“
536 1981 568 2045 in
591 1982 696 2047 medio
718 2003 811 2048 versu
833 1982 907 2046 ferri
929 2002 993 2046 non
1014 2001 1108 2065 posse
1126 1980 1301 2064 opinantur.
1322 1979 1359 2042 of.

189 2084 327 2168 Spengel
354 2087 390 2149 Τ.
410 2086 550 2152 Maecius
572 2088 704 2153 Plautus
726 2110 756 2172 p.
779 2090 840 2152 181
865 2108 910 2170 sq.
939 2125 981 2133 -
1004 2086 1128 2152 Deinde
1150 2085 1262 2169 Amph.
1283 2088 1310 2149 1.
1332 2087 1382 2160 1.,

191 2192 395 2257 109=266:
423 2193 464 2257 ut
483 2194 640 2259 enimvero
664 2195 812 2277 quoniam
834 2194 966 2258 formam
995 2193 1064 2277 oepi
1089 2192 1178 2257 huius
1200 2192 1234 2286 in
1255 2211 1306 2255 me
1330 2198 1361 2255 et

188 2301 304 2361 statum
314 2297 375 2383 (Fi.
384 2298 476 2364 huius
487 2299 570 2386 oapi)
582 2339 623 2346 -
633 2307 737 2385 potest
746 2300 974 2366 etiamfaoilius
987 2299 1098 2376 „med“
1111 2298 1211 2365 seribi.
1238 2295 1360 2362 Eadem

187 2401 289 2468 forma
307 2424 382 2471 usus
399 2406 435 2470 R.
455 2406 550 2471 etiam
567 2408 649 2473 Men.
667 2410 750 2473 1071
770 2426 885 2474 sanare
903 2406 1035 2474 studuit:

231 2510 300 2595 Ego
319 2512 445 2596 quidem
463 2512 555 2579 huius
574 2534 680 2581 servos
698 2536 776 2599 sum,
795 2516 853 2581 sed
870 2515 943 2580 med
962 2533 1031 2579 esse
1048 2514 1140 2578 huius
1159 2511 1287 2576 eredidi.

188 2616 566 2704 ubiBergkius:lruiusoe,
576 2621 623 2685 Fl.
633 2621 723 2687 huius
733 2643 783 2687 me
794 2642 863 2687 esse
874 2659 915 2667 —-
925 2620 1078 2706 proponit,
1088 2619 1254 2684 Muellerus
1265 2618 1359 2682 etiam

189 2723 229 2787 de
250 2745 318 2800 „me
337 2725 429 2791 huius
448 2733 535 2791 esse“
558 2727 692 2810 eogitari
709 2749 803 2812 posse
822 2728 906 2792 dieit.
951 2729 1066 2792 Forma
1088 2726 1179 2803 „ted“
1201 2725 1297 2789 etiam

75 2880 88 2903 ,
187 2829 266 2894 Rud.
276 2833 306 2894 4.
316 2834 346 2895 4.
356 2833 547 2897 46=10902
565 2833 671 2898 Unum
685 2838 716 2899 te
730 2836 868 2917 obsecro,
882 2841 916 2899 ut
930 2834 984 2899 ted
997 2834 1089 2898 huius
1109 2832 1360 2897 eommiseresoat

932 2939 1070 3005 mulieris

187 3042 220 3106 in
242 3041 399 3126 integrum
422 3045 564 3110 restituit.
611 3047 692 3110 Tum
710 3067 828 3129 versus,
847 3047 901 3130 qui
919 3046 1018 3113 estin

175 3149 279 3245 Mero.
299 3151 377 3214 514:
411 3149 519 3216 Oratio
543 3152 655 3237 edepol
678 3154 775 3236 pluris
804 3159 851 3222 est
883 3153 988 3236 huius,
1016 3173 1111 3237 quam
1143 3151 1252 3234 quanti
1280 3151 1359 3235 haee

932 3263 1039 3343 empta
1058 3264 1122 3341 est,

187 3370 250 3426 'non
268 3368 314 3428 est
332 3363 556 3449 sollicitandus
575 3366 658 3449 quia,
678 3366 763 3449 quod
780 3368 817 3431 R.
837 3366 913 3432 dioit
931 3387 988 3451 pro
1010 3365 1127 3441 ,‚haee“
1149 3366 1260 3431 saltem
1277 3371 1355 3440 ,‚ea“

188 3469 366 3551 exspectari
378 3470 489 3554 (quare
502 3471 620 3548 ,‚haeo“
634 3473 749 3537 delevit
764 3478 795 3538 et
805 3470 994 3560 „huius[ee]“
1004 3470 1152 3556 scripsit),
1166 3492 1241 3536 num
1250 3491 1357 3536 verum

187 3574 236 3658 sit,
253 3574 318 3639 iam
335 3576 503 3642 Muellerus
521 3577 588 3642 iure
607 3577 770 3643 dubitavit.

275 3681 420 3765 Denique
437 3684 532 3747 Poen.
547 3684 576 3748 5.
591 3687 620 3748 4.
637 3686 691 3748 76:
720 3684 853 3767 Quoque
870 3684 964 3749 modo
982 3685 1074 3749 huius
1092 3685 1172 3749 filias
1196 3684 1284 3768 apud
1300 3705 1357 3750 vos

186 3785 308 3851 habetis
335 3807 442 3852 servas
466 3789 585 3871 -qui
612 3810 684 3855 oum
706 3791 741 3855 R.
764 3796 878 3875 putant
903 3791 1049 3855 Plautum
1072 3791 1106 3854 in
1133 3791 1278 3856 ablativis
1301 3791 1358 3874 „d‘

187 3892 282 3956 etiam
305 3893 382 3957 satis
406 3913 503 3978 saepe
520 3896 663 3979 posuisse
690 3896 842 3981 „modod‘
864 3897 999 3962 seribere
1022 3903 1164 3980 possunt,
1190 3897 1357 3962 Muellerus

188 3998 309 4063 collatis
327 4021 355 4063 v.
366 4001 408 4063 86
428 4005 459 4064 et
477 4001 528 4065 91.
574 4000 665 4067 huius
685 4000 820 4091 [ambas]
838 4003 920 4069 filias
938 4005 1091 4089 proponit.

192 4162 194 4166 Α
275 4106 379 4170 Etiam
392 4112 518 4190 praetor
531 4106 587 4172 hos
600 4108 685 4175 loeos
695 4129 715 4174 a
724 4109 874 4174 Muellero
888 4110 1000 4175 allatos
1018 4109 1175 4175 interdum
1192 4110 1357 4194 „huiusee“
1397 4122 1400 4126 ’

187 4209 386 4277 coniecerunt
396 4212 541 4297 editores,
549 4213 636 4280 velut
646 4216 831 4299 Geppertus,
845 4216 899 4297 qui
912 4217 1037 4282 omnino
1050 4217 1227 4283 huiusmodi
1240 4217 1356 4282 formas
