3142 4925
728 380 767 442 31

158 556 381 641 „Alcmenam‘
389 555 470 620 mira
490 561 546 637 est,
563 553 639 619 terri
651 554 772 635 nequit:
791 555 975 619 Alcmenam
994 554 1078 637 cepit
1086 573 1216 618 uxorem
1226 575 1334 619 usura-

158 664 253 746 riam,
289 683 365 727 nam
401 661 576 726 usurariam
613 660 740 742 quidem
773 662 857 744 cepit
892 661 1110 743 Alcumenam,
1147 666 1182 724 ut
1212 662 1335 746 prologi

157 791 190 835 v.
208 772 268 834 107
281 790 338 852 sq:
366 770 398 833 Is
416 788 525 832 amare
543 766 667 850 occepit
684 767 890 831 Alcumenam
907 767 994 832 'clam
1016 768 1119 832 virum
1137 768 1335 851 Usuramquc

160 877 231 941 eius
249 874 388 959 corporis
407 856 492 959 cepit
510 872 702 939 sibi-dictum
721 879 777 956 est,
796 874 838 937 ad
858 874 946 939 cuius
959 874 1022 938 loci
1036 874 1272 939 similitudinem
1286 895 1335 938 ar-

158 982 303 1065 gumenti
331 986 440 1047 auctor
463 1002 491 1045 v.
511 981 540 1045 3.
559 979 684 1063 scripsit
712 978 762 1060 (nt
789 979 916 1044 omnino
942 980 1054 1045 horum
1081 987 1335 1063 argumentorum

159 1088 383 1172 compositores
401 1107 443 1152 ex
460 1086 598 1171 prologis
616 1106 675 1151 sua
693 1085 857 1151 desumere
875 1086 958 1151 soliti
981 1094 1054 1151 sunt
1072 1087 1111 1151 ct'.
1125 1088 1272 1152 Lcrenzii
1294 1088 1336 1152 ad

159 1195 269 1260 Militis
304 1193 433 1277 gloriosi
469 1213 536 1276 arg.
563 1194 594 1257 Η
625 1191 873 1277 adnotationes);
909 1213 1011 1276 neque
1038 1213 1113 1258 vero
1145 1213 1216 1258 eam
1253 1195 1336 1279 cepit

157 1322 288 1367 acorem
310 1299 497 1381 usurariam,
524 1318 604 1363 uxor
627 1298 710 1362 enim
732 1319 772 1363 ca
795 1306 844 1364 est
866 1300 976 1364 mulier
1000 1319 1083 1382 quae
1109 1319 1179 1363 cum
1202 1300 1269 1365 viro
1292 1301 1335 1365 le-

159 1408 272 1490 gitimo
305 1412 336 1471 et
362 1406 444 1471 iusto
470 1405 670 1469 matrimonio
693 1404 861 1470 coniuncta
884 1413 943 1487 est;
971 1426 1068 1488 quare
1096 1407 1235 1490 luppiter
1263 1427 1336 1471 cum

159 1514 240 1578 nihil
257 1514 317 1579 nisi
336 1512 474 1597 corporis
494 1511 560 1576 eius
579 1531 707 1576 usuram
727 1512 853 1596 ceperit,
871 1533 1043 1595 numquam
1062 1512 1126 1576 dici
1143 1519 1247 1597 potest
1265 1535 1336 1578 eam

158 1640 291 1684 uxorem
319 1620 452 1705 cepisse;
480 1618 606 1684 omnino
627 1638 707 1682 uxor
729 1619 874 1683 usuraria
893 1619 1026 1701 cogitari
1041 1619 1168 1702 nequit,
1192 1621 1266 1702 quia
1290 1627 1337 1687 est

162 1726 371 1790 contradictio
392 1726 427 1791 irr
448 1726 587 1807 adiecto,
607 1759 649 1770 —-
667 1725 780 1790 mulier
798 1726 882 1790 enim
904 1726 1049 1789 usuraria
1066 1726 1162 1810 plane
1180 1728 1336 1791 contraria

161 1837 211 1897 est
229 1831 319 1896 uxori
338 1869 380 1878 —
400 1831 603 1914 quamobrem
621 1832 799 1913 argumenti
818 1838 928 1896 auctor
940 1831 1044 1915 potius
1063 1831 1180 1898 dixisse
1198 1825 1343 1898 videtur}

159 1938 302 2022 Iuppiter
320 1938 555 2023 Mphitruonis
572 1958 702 2012 uxorem
720 1938 804 2022 cepit
817 1938 1016 2020 usurariam,
1035 1958 1130 2020 quam
1148 1941 1336 2005 sententiam

161 2051 198 2108 ut
218 2045 362 2121 restituat
380 2046 475 2110 facile
494 2044 607 2127 aliquis
626 2044 769 2109 conicere
787 2050 902 2129 potest:
929 2043 1092 2120 „Alienam
1110 2047 1257 2110 uxorem“
1278 2067 1336 2130 prc

159 2151 365 2233 ,Alcmenam
383 2150 540 2232 uxorem‘,
558 2155 665 2240 tamen
682 2150 882 2216 verisimilius
895 2151 1020 2218 videtur
1033 2157 1160 2235 poetam
1174 2153 1337 2237 scripsisse

161 2256 267 2340 ²,Illius
294 2257 449 2339 uxorem“,
482 2255 525 2320 ad
552 2277 635 2339 quae
662 2257 760 2322 verba
788 2277 859 2322 cum
886 2257 1081 2343 adscriptum
1108 2265 1192 2325 esset
1222 2270 1338 2324 nomen

161 2363 281 2428 uxoris:
314 2362 542 2446 „Alcmenam“,
569 2363 628 2427 hoc
655 2383 770 2428 nomen
797 2364 831 2427 in
856 2365 954 2429 verba
989 2367 1149 2448 scriptoris
1176 2377 1337 2450 receptum

161 2469 281 2553 „illius“
292 2470 420 2554 expulit.
447 2470 491 2533 At
505 2470 619 2536 dixerit
634 2470 803 2555 quispiam:
821 2473 926 2537 Istaec
940 2474 1045 2538 omnia
1063 2480 1157 2538 acute
1175 2473 1337 2558 disputata

163 2575 323 2658 videntur,
351 2576 409 2640 sed
432 2581 499 2639 tota
521 2582 578 2641 tua
602 2578 833 2660 argumentatio
857 2580 972 2643 corruit
995 2581 1071 2662 qnia
1091 2583 1118 2644 1.
1134 2582 1163 2643 2.
1179 2581 1222 2644 35
1237 2600 1282 2661 sq.
1296 2604 1337 2628 =

160 2682 227 2744 497
243 2701 288 2763 sq.
307 2681 433 2764 legitur:
451 2682 637 2766 Amphitruo
656 2684 830 2750 subditivos
849 2704 958 2751 eccum
977 2687 1043 2750 exit
1060 2688 1146 2752 foras

436 2786 578 2875 [Atque]
597 2790 771 2863 Alcumena
791 2788 880 2878 [una]
899 2812 979 2856 uxor
1001 2793 1154 2857 usuraria.

252 2894 295 2957 At
331 2896 575 2979 contemplemur
609 2897 703 2963 modo
735 2898 842 2981 paullo
875 2899 1055 2965 accuratius
1090 2899 1178 2965 illum
1214 2916 1243 2964 v.
1281 2900 1337 2982 363
1371 2885 1374 2889 ’

160 3004 230 3062 turn
252 2998 386 3083 primum
408 3000 518 3065 verba:
560 3002 658 3085 „Cum
680 3005 854 3071 Alcumena
877 3025 976 3070 uxore
993 3006 1156 3071 usuraria“
1176 3004 1236 3089 (sic
1255 3006 1338 3070 enim

161 3106 198 3168 in
222 3104 383 3175 codicibus
405 3106 534 3191 legitur)
563 3127 690 3174 versum
712 3111 838 3175 omnino
866 3131 929 3175 non
957 3111 1082 3179 efficere
1105 3112 1284 3196 apparebit,
1308 3117 1339 3177 et

167 3210 283 3276 deinde
320 3213 416 3276 etiam
452 3214 568 3278 frustra
606 3233 675 3279 esse
710 3215 744 3278 in
771 3215 833 3281 illis
860 3218 963 3282 verbis
996 3218 1039 3282 ad
1070 3219 1202 3301 legitimi
1229 3210 1342 3285 versus

161 3317 297 3381 formam
320 3318 502 3401 redigendis
526 3320 683 3385 desudare
704 3321 932 3405 intellegemus.
969 3326 1055 3389 Nam
1074 3345 1145 3389 cum
1162 3344 1227 3391 non
1245 3332 1339 3390 exeat

162 3423 339 3488 Alcumena
358 3444 428 3490 cum
447 3427 535 3510 Iove,
558 3427 615 3492 sed
633 3429 718 3493 solus
741 3430 922 3512 egrediatur·
939 3431 1091 3515 luppiter,
1114 3432 1288 3505 Alcumena
1303 3433 1340 3496 in

163 3530 297 3595 aedibus
320 3538 495 3615 remaneat5
524 3535 620 3601 verba
647 3555 737 3618 „cum
760 3536 936 3600 Alcumena
963 3557 1061 3601 uxore
1085 3539 1250 3602 usuraria“
1276 3559 1339 3603 non

162 3635 326 3720 Plautina,
349 3636 407 3701 sed
425 3637 656 3722 interpolatoris
675 3641 928 3706 additamentum
946 3663 1016 3709 esse
1036 3644 1340 3730 dilucidegappareb

162 3761 267 3823 neque
294 3748 463 3826 postquam
493 3746 650 3828 glossema
682 3744 959 3833 deprehendimus,
991 3749 1143 3832 originem
1181 3753 1341 3837 explicare

164 3846 294 3913 difficile
306 3854 366 3931 est;
382 3871 517 3934 namque
532 3873 603 3917 cum
621 3854 654 3918 irr
672 3870 769 3920 scena
783 3877 938 3939 proxuma
952 3858 1127 3921 Alcumena
1147 3878 1218 3923 cum
1236 3859 1341 3925 subdi-

163 3955 229 4018 tivo
238 3954 463 4039 Amphitruone
474 3960 686 4044 conloquatur,
704 3962 808 4046 ipsam
822 3982 946 4045 quoque
960 3983 977 4027 e
993 3963 1084 4028 domo
1100 3966 1208 4048 egredi
1217 3970 1341 4050 putanti

124 4077 128 4083 ¹
165 4060 381 4126 necessarium
405 4070 452 4130 est
474 4065 575 4131 visum
598 4067 677 4131 haec
700 4069 799 4133 verba
814 4061 953 4154 addere,
980 4072 1077 4136 verba
1096 4080 1202 4136 autem
1221 4094 1341 4149 „uxore

165 4166 329 4232 usuraria“
362 4187 401 4235 ex
423 4171 488 4235 illlc
507 4172 576 4257 ipso
602 4175 780 4256 argumenti
798 4196 893 4241 versu
920 4177 989 4242 sine
1017 4178 1112 4243 dubio
1140 4178 1341 4268 deprompsit.
