<?xml version="1.0" encoding="UTF-8"?>
<!DOCTYPE html PUBLIC "-//W3C//DTD XHTML 1.0 Transitional//EN"
    "http://www.w3.org/TR/xhtml1/DTD/xhtml1-transitional.dtd">
<html xmlns="http://www.w3.org/1999/xhtml" xml:lang="en" lang="en">
 <head>
  <title>
</title>
<meta http-equiv="Content-Type" content="text/html;charset=utf-8" />
  <meta name='ocr-system' content='tesseract 3.04.00' />
  <meta name='ocr-capabilities' content='ocr_page ocr_carea ocr_par ocr_line ocrx_word'/>
</head>
<body>
  <div class='ocr_page' id='page_1' title='image "./quaestionesdepr00schmgoog_0024.png"; bbox 0 0 3142 4925; ppageno 0'>
   <div class='ocr_carea' id='block_1_1' title="bbox 187 567 1401 4278">
    <p class='ocr_par' dir='ltr' id='par_1_1' title="bbox 220 567 1393 746">
     <span class='ocr_line' id='line_1_1' title="bbox 220 567 1393 656; baseline -0.003 -18"><span class='ocrx_word' id='word_1_1' title='bbox 220 572 295 656; x_wconf 92' lang='lat' dir='ltr'>quin</span> <span class='ocrx_word' id='word_1_2' title='bbox 312 571 565 655; x_wconf 87' lang='lat' dir='ltr'>ingeniosissima</span> <span class='ocrx_word' id='word_1_3' title='bbox 585 570 759 636; x_wconf 77' lang='lat' dir='ltr'>Camerarii</span> <span class='ocrx_word' id='word_1_4' title='bbox 777 571 958 636; x_wconf 90' lang='lat' dir='ltr'>eonieetura</span> <span class='ocrx_word' id='word_1_5' title='bbox 975 577 1061 636; x_wconf 88' lang='lat' dir='ltr'>reete</span> <span class='ocrx_word' id='word_1_6' title='bbox 1078 571 1255 636; x_wconf 84' lang='lat' dir='ltr'>restitutum</span> <span class='ocrx_word' id='word_1_7' title='bbox 1274 568 1326 633; x_wconf 87' lang='lat' dir='ltr'>sit:</span> <span class='ocrx_word' id='word_1_8' title='bbox 1344 567 1393 635; x_wconf 83' lang='lat' dir='ltr'>his</span> 
     </span>
     <span class='ocr_line' id='line_1_2' title="bbox 221 678 509 746; baseline -0.014 -1"><span class='ocrx_word' id='word_1_9' title='bbox 221 681 381 746; x_wconf 82' lang='lat' dir='ltr'>cerebrum</span> <span class='ocrx_word' id='word_1_10' title='bbox 399 678 509 742; x_wconf 89' lang='lat' dir='ltr'>uritur:</span> 
     </span>
    </p>

    <p class='ocr_par' dir='ltr' id='par_1_2' title="bbox 326 771 1043 867">
     <span class='ocr_line' id='line_1_3' title="bbox 326 783 1043 867; baseline -0.004 -16"><span class='ocrx_word' id='word_1_11' title='bbox 326 786 368 851; x_wconf 91' lang='lat' dir='ltr'>Hi</span> <span class='ocrx_word' id='word_1_12' title='bbox 387 784 441 867; x_wconf 88' lang='lat' dir='ltr'>qui</span> <span class='ocrx_word' id='word_1_13' title='bbox 458 784 546 849; x_wconf 91' lang='lat' dir='ltr'>illum</span> <span class='ocrx_word' id='word_1_14' title='bbox 565 783 684 848; x_wconf 86' lang='lat' dir='ltr'>dudum</span> <span class='ocrx_word' id='word_1_15' title='bbox 704 785 951 850; x_wconf 76' lang='lat' dir='ltr'>conciliaverunt</span> <span class='ocrx_word' id='word_1_16' title='bbox 967 784 1043 848; x_wconf 86' lang='lat' dir='ltr'>milri</span> 
     </span>
    </p>

    <p class='ocr_par' dir='ltr' id='par_1_3' title="bbox 327 890 1271 975">
     <span class='ocr_line' id='line_1_4' title="bbox 327 890 1271 975; baseline -0.001 -19"><span class='ocrx_word' id='word_1_17' title='bbox 327 890 532 974; x_wconf 83' lang='lat' dir='ltr'>Peregrinum</span> <span class='ocrx_word' id='word_1_18' title='bbox 550 890 751 975; x_wconf 83' lang='lat' dir='ltr'>Spartanum,</span> <span class='ocrx_word' id='word_1_19' title='bbox 769 891 805 955; x_wconf 88' lang='lat' dir='ltr'>id</span> <span class='ocrx_word' id='word_1_20' title='bbox 822 912 906 956; x_wconf 87' lang='lat' dir='ltr'>nune</span> <span class='ocrx_word' id='word_1_21' title='bbox 924 892 972 956; x_wconf 85' lang='lat' dir='ltr'>his</span> <span class='ocrx_word' id='word_1_22' title='bbox 991 892 1154 956; x_wconf 88' lang='lat' dir='ltr'>oerebrum</span> <span class='ocrx_word' id='word_1_23' title='bbox 1172 891 1271 956; x_wconf 91' lang='lat' dir='ltr'>uritur</span> 
     </span>
    </p>

    <p class='ocr_par' dir='ltr' id='par_1_4' title="bbox 327 997 1175 1083">
     <span class='ocr_line' id='line_1_5' title="bbox 327 997 1175 1083; baseline -0.004 -19"><span class='ocrx_word' id='word_1_24' title='bbox 327 999 379 1064; x_wconf 88' lang='lat' dir='ltr'>Me</span> <span class='ocrx_word' id='word_1_25' title='bbox 398 1017 466 1063; x_wconf 90' lang='lat' dir='ltr'>esse</span> <span class='ocrx_word' id='word_1_26' title='bbox 484 997 541 1062; x_wconf 93' lang='lat' dir='ltr'>hos</span> <span class='ocrx_word' id='word_1_27' title='bbox 559 1002 715 1062; x_wconf 78' lang='lat' dir='ltr'>trecentos</span> <span class='ocrx_word' id='word_1_28' title='bbox 733 998 896 1083; x_wconf 82' lang='lat' dir='ltr'>Philippos</span> <span class='ocrx_word' id='word_1_29' title='bbox 913 998 1070 1062; x_wconf 80' lang='lat' dir='ltr'>fauturum</span> <span class='ocrx_word' id='word_1_30' title='bbox 1087 997 1175 1062; x_wconf 89' lang='lat' dir='ltr'>lueri.</span> 
     </span>
    </p>

    <p class='ocr_par' dir='ltr' id='par_1_5' title="bbox 221 1103 1244 1187">
     <span class='ocr_line' id='line_1_6' title="bbox 221 1103 1244 1187; baseline -0.004 -15"><span class='ocrx_word' id='word_1_31' title='bbox 221 1108 313 1172; x_wconf 83' lang='lat' dir='ltr'>Truo.</span> <span class='ocrx_word' id='word_1_32' title='bbox 333 1107 363 1169; x_wconf 80' lang='lat'>2.</span> <span class='ocrx_word' id='word_1_33' title='bbox 374 1106 403 1169; x_wconf 87' lang='lat'>8.</span> <span class='ocrx_word' id='word_1_34' title='bbox 415 1106 448 1169; x_wconf 90' lang='lat'>8:</span> <span class='ocrx_word' id='word_1_35' title='bbox 466 1104 511 1169; x_wconf 92' lang='lat' dir='ltr'>Ut</span> <span class='ocrx_word' id='word_1_36' title='bbox 529 1124 588 1187; x_wconf 87' lang='lat' dir='ltr'>ego</span> <span class='ocrx_word' id='word_1_37' title='bbox 606 1104 692 1168; x_wconf 91' lang='lat' dir='ltr'>hisee</span> <span class='ocrx_word' id='word_1_38' title='bbox 710 1104 896 1187; x_wconf 82' lang='lat' dir='ltr'>suffringam</span> <span class='ocrx_word' id='word_1_39' title='bbox 914 1104 994 1169; x_wconf 91' lang='lat' dir='ltr'>talos</span> <span class='ocrx_word' id='word_1_40' title='bbox 1012 1105 1086 1170; x_wconf 87' lang='lat' dir='ltr'>totis</span> <span class='ocrx_word' id='word_1_41' title='bbox 1104 1103 1244 1170; x_wconf 85' lang='lat' dir='ltr'>aedibus.</span> 
     </span>
    </p>

    <p class='ocr_par' dir='ltr' id='par_1_6' title="bbox 204 1210 1401 3851">
     <span class='ocr_line' id='line_1_7' title="bbox 209 1210 1397 1295; baseline -0.003 -16"><span class='ocrx_word' id='word_1_42' title='bbox 209 1213 279 1279; x_wconf 64' lang='lat' dir='ltr'>‘sed</span> <span class='ocrx_word' id='word_1_43' title='bbox 292 1212 345 1277; x_wconf 91' lang='lat' dir='ltr'>illo</span> <span class='ocrx_word' id='word_1_44' title='bbox 359 1212 428 1295; x_wconf 89' lang='lat' dir='ltr'>ipso</span> <span class='ocrx_word' id='word_1_45' title='bbox 442 1211 511 1276; x_wconf 89' lang='lat' dir='ltr'>loeo</span> <span class='ocrx_word' id='word_1_46' title='bbox 529 1211 584 1276; x_wconf 92' lang='lat' dir='ltr'>ubi</span> <span class='ocrx_word' id='word_1_47' title='bbox 603 1210 724 1295; x_wconf 82' lang='lat' dir='ltr'>„hisee“</span> <span class='ocrx_word' id='word_1_48' title='bbox 743 1216 790 1275; x_wconf 91' lang='lat' dir='ltr'>est</span> <span class='ocrx_word' id='word_1_49' title='bbox 803 1212 952 1276; x_wconf 91' lang='lat' dir='ltr'>mendum</span> <span class='ocrx_word' id='word_1_50' title='bbox 971 1232 1041 1277; x_wconf 89' lang='lat' dir='ltr'>esse</span> <span class='ocrx_word' id='word_1_51' title='bbox 1058 1211 1261 1276; x_wconf 89' lang='lat' dir='ltr'>manifestum</span> <span class='ocrx_word' id='word_1_52' title='bbox 1279 1217 1335 1295; x_wconf 82' lang='lat' dir='ltr'>est,</span> <span class='ocrx_word' id='word_1_53' title='bbox 1354 1212 1397 1276; x_wconf 89' lang='lat' dir='ltr'>ad</span> 
     </span>
     <span class='ocr_line' id='line_1_8' title="bbox 221 1317 1392 1402; baseline -0.003 -19"><span class='ocrx_word' id='word_1_54' title='bbox 221 1319 305 1401; x_wconf 89' lang='lat' dir='ltr'>quod</span> <span class='ocrx_word' id='word_1_55' title='bbox 324 1318 496 1383; x_wconf 86' lang='lat' dir='ltr'>tollendum</span> <span class='ocrx_word' id='word_1_56' title='bbox 517 1323 581 1382; x_wconf 87' lang='lat' dir='ltr'>tres</span> <span class='ocrx_word' id='word_1_57' title='bbox 599 1318 671 1382; x_wconf 88' lang='lat' dir='ltr'>viae</span> <span class='ocrx_word' id='word_1_58' title='bbox 689 1322 812 1401; x_wconf 80' lang='lat' dir='ltr'>patent3</span> <span class='ocrx_word' id='word_1_59' title='bbox 841 1324 909 1402; x_wconf 85' lang='lat' dir='ltr'>aut,</span> <span class='ocrx_word' id='word_1_60' title='bbox 927 1325 963 1383; x_wconf 93' lang='lat' dir='ltr'>ut</span> <span class='ocrx_word' id='word_1_61' title='bbox 979 1318 1137 1402; x_wconf 81' lang='lat' dir='ltr'>plerisque</span> <span class='ocrx_word' id='word_1_62' title='bbox 1154 1317 1283 1401; x_wconf 71' lang='lat' dir='ltr'>placuit</span> <span class='ocrx_word' id='word_1_63' title='bbox 1305 1317 1392 1394; x_wconf 85' lang='lat' dir='ltr'>„his“</span> 
     </span>
     <span class='ocr_line' id='line_1_9' title="bbox 223 1424 1397 1509; baseline -0.003 -18"><span class='ocrx_word' id='word_1_64' title='bbox 223 1426 359 1491; x_wconf 87' lang='lat' dir='ltr'>seribere</span> <span class='ocrx_word' id='word_1_65' title='bbox 377 1444 555 1509; x_wconf 87' lang='lat' dir='ltr'>possumus;</span> <span class='ocrx_word' id='word_1_66' title='bbox 584 1444 665 1506; x_wconf 89' lang='lat' dir='ltr'>quae</span> <span class='ocrx_word' id='word_1_67' title='bbox 683 1424 766 1488; x_wconf 89' lang='lat' dir='ltr'>ratio</span> <span class='ocrx_word' id='word_1_68' title='bbox 783 1445 893 1490; x_wconf 86' lang='lat' dir='ltr'>versus</span> <span class='ocrx_word' id='word_1_69' title='bbox 910 1425 1097 1489; x_wconf 87' lang='lat' dir='ltr'>restituendi</span> <span class='ocrx_word' id='word_1_70' title='bbox 1115 1443 1306 1507; x_wconf 87' lang='lat' dir='ltr'>quamquam</span> <span class='ocrx_word' id='word_1_71' title='bbox 1325 1424 1397 1487; x_wconf 88' lang='lat' dir='ltr'>sim-</span> 
     </span>
     <span class='ocr_line' id='line_1_10' title="bbox 220 1530 1395 1617; baseline -0.003 -21"><span class='ocrx_word' id='word_1_72' title='bbox 220 1531 392 1617; x_wconf 86' lang='lat' dir='ltr'>plieissima</span> <span class='ocrx_word' id='word_1_73' title='bbox 411 1537 466 1614; x_wconf 72' lang='lat' dir='ltr'>est</span> <span class='ocrx_word' id='word_1_74' title='bbox 485 1537 592 1595; x_wconf 89' lang='lat' dir='ltr'>tamen</span> <span class='ocrx_word' id='word_1_75' title='bbox 609 1552 684 1595; x_wconf 93' lang='lat' dir='ltr'>num</span> <span class='ocrx_word' id='word_1_76' title='bbox 703 1531 867 1595; x_wconf 90' lang='lat' dir='ltr'>verissima</span> <span class='ocrx_word' id='word_1_77' title='bbox 885 1531 934 1614; x_wconf 89' lang='lat' dir='ltr'>sit,</span> <span class='ocrx_word' id='word_1_78' title='bbox 952 1531 1047 1596; x_wconf 79' lang='lat' dir='ltr'>valde</span> <span class='ocrx_word' id='word_1_79' title='bbox 1066 1531 1184 1615; x_wconf 82' lang='lat' dir='ltr'>dubito,</span> <span class='ocrx_word' id='word_1_80' title='bbox 1203 1530 1278 1612; x_wconf 92' lang='lat' dir='ltr'>quia</span> <span class='ocrx_word' id='word_1_81' title='bbox 1293 1550 1395 1595; x_wconf 87' lang='lat' dir='ltr'>eorru-</span> 
     </span>
     <span class='ocr_line' id='line_1_11' title="bbox 222 1636 1397 1723; baseline -0.003 -21"><span class='ocrx_word' id='word_1_82' title='bbox 222 1639 327 1723; x_wconf 89' lang='lat' dir='ltr'>ptelae</span> <span class='ocrx_word' id='word_1_83' title='bbox 351 1637 503 1719; x_wconf 82' lang='lat' dir='ltr'>originem</span> <span class='ocrx_word' id='word_1_84' title='bbox 526 1658 588 1701; x_wconf 93' lang='lat' dir='ltr'>uon</span> <span class='ocrx_word' id='word_1_85' title='bbox 611 1636 759 1721; x_wconf 83' lang='lat' dir='ltr'>explieat.</span> <span class='ocrx_word' id='word_1_86' title='bbox 805 1638 890 1702; x_wconf 87' lang='lat' dir='ltr'>Nam</span> <span class='ocrx_word' id='word_1_87' title='bbox 913 1657 976 1720; x_wconf 91' lang='lat' dir='ltr'>qua</span> <span class='ocrx_word' id='word_1_88' title='bbox 998 1637 1128 1702; x_wconf 88' lang='lat' dir='ltr'>tandem</span> <span class='ocrx_word' id='word_1_89' title='bbox 1150 1658 1185 1702; x_wconf 89' lang='lat' dir='ltr'>re</span> <span class='ocrx_word' id='word_1_90' title='bbox 1209 1642 1397 1701; x_wconf 86' lang='lat' dir='ltr'>eommotum</span> 
     </span>
     <span class='ocr_line' id='line_1_12' title="bbox 222 1742 1397 1830; baseline -0.002 -21"><span class='ocrx_word' id='word_1_91' title='bbox 222 1750 368 1830; x_wconf 91' lang='lat' dir='ltr'>putemus</span> <span class='ocrx_word' id='word_1_92' title='bbox 385 1743 640 1827; x_wconf 81' lang='lat' dir='ltr'>interpolatorem</span> <span class='ocrx_word' id='word_1_93' title='bbox 659 1744 702 1808; x_wconf 86' lang='lat' dir='ltr'>ad</span> <span class='ocrx_word' id='word_1_94' title='bbox 720 1742 1021 1807; x_wconf 85' lang='lat' dir='ltr'>formamtraditam</span> <span class='ocrx_word' id='word_1_95' title='bbox 1043 1744 1141 1827; x_wconf 85' lang='lat' dir='ltr'>‚‚bis“,</span> <span class='ocrx_word' id='word_1_96' title='bbox 1165 1763 1247 1826; x_wconf 88' lang='lat' dir='ltr'>quae</span> <span class='ocrx_word' id='word_1_97' title='bbox 1270 1762 1397 1827; x_wconf 87' lang='lat' dir='ltr'>prorsus</span> 
     </span>
     <span class='ocr_line' id='line_1_13' title="bbox 222 1849 1397 1934; baseline -0.004 -18"><span class='ocrx_word' id='word_1_98' title='bbox 222 1851 300 1916; x_wconf 89' lang='lat' dir='ltr'>nihil</span> <span class='ocrx_word' id='word_1_99' title='bbox 327 1850 508 1914; x_wconf 80' lang='lat' dir='ltr'>continebat</span> <span class='ocrx_word' id='word_1_100' title='bbox 535 1850 730 1933; x_wconf 87' lang='lat' dir='ltr'>offensionis,</span> <span class='ocrx_word' id='word_1_101' title='bbox 759 1870 829 1915; x_wconf 87' lang='lat' dir='ltr'>eum</span> <span class='ocrx_word' id='word_1_102' title='bbox 852 1850 953 1914; x_wconf 86' lang='lat' dir='ltr'>t&#39;orma</span> <span class='ocrx_word' id='word_1_103' title='bbox 976 1850 1098 1934; x_wconf 83' lang='lat' dir='ltr'>‚,hisoe“</span> <span class='ocrx_word' id='word_1_104' title='bbox 1120 1849 1397 1914; x_wconf 78' lang='lat' dir='ltr'><strong>commutandam?</strong></span> 
     </span>
     <span class='ocr_line' id='line_1_14' title="bbox 223 1956 1398 2041; baseline -0.003 -19"><span class='ocrx_word' id='word_1_105' title='bbox 223 1957 349 2022; x_wconf 82' lang='lat' dir='ltr'>Deinde</span> <span class='ocrx_word' id='word_1_106' title='bbox 367 1977 443 2021; x_wconf 91' lang='lat' dir='ltr'>num</span> <span class='ocrx_word' id='word_1_107' title='bbox 460 1956 628 2022; x_wconf 87' lang='lat' dir='ltr'>verisimile</span> <span class='ocrx_word' id='word_1_108' title='bbox 647 1962 695 2021; x_wconf 89' lang='lat' dir='ltr'>est</span> <span class='ocrx_word' id='word_1_109' title='bbox 715 1956 971 2041; x_wconf 81' lang='lat' dir='ltr'>interpolatorem</span> <span class='ocrx_word' id='word_1_110' title='bbox 993 1957 1054 2021; x_wconf 88' lang='lat' dir='ltr'>hae</span> <span class='ocrx_word' id='word_1_111' title='bbox 1077 1957 1249 2022; x_wconf 84' lang='lat' dir='ltr'>mutatione</span> <span class='ocrx_word' id='word_1_112' title='bbox 1272 1976 1398 2020; x_wconf 87' lang='lat' dir='ltr'>versum</span> 
     </span>
     <span class='ocr_line' id='line_1_15' title="bbox 223 2061 1398 2148; baseline -0.004 -17"><span class='ocrx_word' id='word_1_113' title='bbox 223 2084 257 2131; x_wconf 89' lang='lat' dir='ltr'>se</span> <span class='ocrx_word' id='word_1_114' title='bbox 275 2065 408 2148; x_wconf 84' lang='lat' dir='ltr'>perdere</span> <span class='ocrx_word' id='word_1_115' title='bbox 426 2083 552 2148; x_wconf 89' lang='lat' dir='ltr'>prorsus</span> <span class='ocrx_word' id='word_1_116' title='bbox 571 2083 634 2128; x_wconf 90' lang='lat' dir='ltr'>non</span> <span class='ocrx_word' id='word_1_117' title='bbox 652 2063 791 2127; x_wconf 87' lang='lat' dir='ltr'>vidisse?</span> <span class='ocrx_word' id='word_1_118' title='bbox 827 2062 979 2145; x_wconf 81' lang='lat' dir='ltr'>Tertium,</span> <span class='ocrx_word' id='word_1_119' title='bbox 997 2063 1024 2127; x_wconf 91' lang='lat' dir='ltr'>si</span> <span class='ocrx_word' id='word_1_120' title='bbox 1044 2082 1149 2128; x_wconf 90' lang='lat' dir='ltr'>omnes</span> <span class='ocrx_word' id='word_1_121' title='bbox 1168 2063 1280 2145; x_wconf 90' lang='lat' dir='ltr'>quibus</span> <span class='ocrx_word' id='word_1_122' title='bbox 1300 2062 1340 2127; x_wconf 89' lang='lat' dir='ltr'>de</span> <span class='ocrx_word' id='word_1_123' title='bbox 1358 2061 1398 2127; x_wconf 89' lang='lat' dir='ltr'>si-</span> 
     </span>
     <span class='ocr_line' id='line_1_16' title="bbox 223 2168 1399 2254; baseline -0.003 -20"><span class='ocrx_word' id='word_1_124' title='bbox 223 2170 290 2234; x_wconf 90' lang='lat' dir='ltr'>mili</span> <span class='ocrx_word' id='word_1_125' title='bbox 308 2169 484 2254; x_wconf 86' lang='lat' dir='ltr'>oorruptela</span> <span class='ocrx_word' id='word_1_126' title='bbox 509 2169 642 2251; x_wconf 83' lang='lat' dir='ltr'>eogitari</span> <span class='ocrx_word' id='word_1_127' title='bbox 668 2174 773 2253; x_wconf 89' lang='lat' dir='ltr'>potest</span> <span class='ocrx_word' id='word_1_128' title='bbox 799 2169 885 2234; x_wconf 90' lang='lat' dir='ltr'>looos</span> <span class='ocrx_word' id='word_1_129' title='bbox 918 2169 1141 2252; x_wconf 82' lang='lat' dir='ltr'>conquirimus,</span> <span class='ocrx_word' id='word_1_130' title='bbox 1168 2174 1293 2253; x_wconf 86' lang='lat' dir='ltr'>praeter</span> <span class='ocrx_word' id='word_1_131' title='bbox 1315 2168 1399 2232; x_wconf 89' lang='lat' dir='ltr'>huno</span> 
     </span>
     <span class='ocr_line' id='line_1_17' title="bbox 225 2273 1398 2362; baseline -0.004 -21"><span class='ocrx_word' id='word_1_132' title='bbox 225 2277 304 2356; x_wconf 90' lang='lat' dir='ltr'>duos</span> <span class='ocrx_word' id='word_1_133' title='bbox 334 2282 458 2340; x_wconf 90' lang='lat' dir='ltr'>tantum</span> <span class='ocrx_word' id='word_1_134' title='bbox 489 2275 683 2358; x_wconf 80' lang='lat' dir='ltr'>investigare</span> <span class='ocrx_word' id='word_1_135' title='bbox 710 2295 877 2360; x_wconf 88' lang='lat' dir='ltr'>possumus</span> <span class='ocrx_word' id='word_1_136' title='bbox 903 2295 1013 2362; x_wconf 78' lang='lat' dir='ltr'>versus</span> <span class='ocrx_word' id='word_1_137' title='bbox 1041 2275 1157 2340; x_wconf 88' lang='lat' dir='ltr'>Baeoh.</span> <span class='ocrx_word' id='word_1_138' title='bbox 1182 2277 1245 2340; x_wconf 86' lang='grc'>787</span> <span class='ocrx_word' id='word_1_139' title='bbox 1275 2280 1306 2339; x_wconf 92' lang='lat' dir='ltr'>et</span> <span class='ocrx_word' id='word_1_140' title='bbox 1328 2273 1398 2338; x_wconf 85' lang='lat' dir='ltr'>Aul.</span> 
     </span>
     <span class='ocr_line' id='line_1_18' title="bbox 226 2380 1399 2466; baseline -0.003 -19"><span class='ocrx_word' id='word_1_141' title='bbox 226 2383 371 2466; x_wconf 79' lang='lat'><strong>2.8.15;</strong></span> <span class='ocrx_word' id='word_1_142' title='bbox 398 2382 463 2445; x_wconf 92' lang='lat' dir='ltr'>iam</span> <span class='ocrx_word' id='word_1_143' title='bbox 485 2402 560 2447; x_wconf 87' lang='lat' dir='ltr'>vero</span> <span class='ocrx_word' id='word_1_144' title='bbox 583 2402 709 2466; x_wconf 83' lang='lat' dir='ltr'>quaero,</span> <span class='ocrx_word' id='word_1_145' title='bbox 737 2402 812 2446; x_wconf 92' lang='lat' dir='ltr'>num</span> <span class='ocrx_word' id='word_1_146' title='bbox 836 2382 985 2448; x_wconf 84' lang='lat' dir='ltr'>eredibile</span> <span class='ocrx_word' id='word_1_147' title='bbox 1010 2382 1051 2447; x_wconf 91' lang='lat' dir='ltr'>sit</span> <span class='ocrx_word' id='word_1_148' title='bbox 1072 2382 1159 2446; x_wconf 92' lang='lat' dir='ltr'>illum</span> <span class='ocrx_word' id='word_1_149' title='bbox 1181 2382 1338 2446; x_wconf 91' lang='lat' dir='ltr'>hominem</span> <span class='ocrx_word' id='word_1_150' title='bbox 1356 2380 1399 2444; x_wconf 84' lang='lat' dir='ltr'>ad</span> 
     </span>
     <span class='ocr_line' id='line_1_19' title="bbox 226 2489 1399 2574; baseline -0.003 -18"><span class='ocrx_word' id='word_1_151' title='bbox 226 2511 380 2556; x_wconf 91' lang='lat' dir='ltr'>summum</span> <span class='ocrx_word' id='word_1_152' title='bbox 398 2489 497 2556; x_wconf 91' lang='lat' dir='ltr'>tribus</span> <span class='ocrx_word' id='word_1_153' title='bbox 515 2490 591 2554; x_wconf 87' lang='lat' dir='ltr'>loeis</span> <span class='ocrx_word' id='word_1_154' title='bbox 610 2490 685 2574; x_wconf 84' lang='lat' dir='ltr'>„bas</span> <span class='ocrx_word' id='word_1_155' title='bbox 704 2489 770 2554; x_wconf 85' lang='lat' dir='ltr'>his“</span> <span class='ocrx_word' id='word_1_156' title='bbox 788 2490 821 2552; x_wconf 91' lang='lat' dir='ltr'>in</span> <span class='ocrx_word' id='word_1_157' title='bbox 840 2489 954 2573; x_wconf 82' lang='lat' dir='ltr'>„basae</span> <span class='ocrx_word' id='word_1_158' title='bbox 972 2490 1077 2554; x_wconf 85' lang='lat' dir='ltr'>hisoo“</span> <span class='ocrx_word' id='word_1_159' title='bbox 1098 2495 1250 2571; x_wconf 90' lang='lat' dir='ltr'>mutasse,</span> <span class='ocrx_word' id='word_1_160' title='bbox 1279 2494 1399 2553; x_wconf 90' lang='lat' dir='ltr'>eeteros</span> 
     </span>
     <span class='ocr_line' id='line_1_20' title="bbox 226 2595 1400 2680; baseline -0.004 -19"><span class='ocrx_word' id='word_1_161' title='bbox 226 2617 332 2661; x_wconf 91' lang='lat' dir='ltr'>omnes</span> <span class='ocrx_word' id='word_1_162' title='bbox 350 2617 413 2661; x_wconf 92' lang='lat' dir='ltr'>non</span> <span class='ocrx_word' id='word_1_163' title='bbox 426 2596 625 2662; x_wconf 86' lang='lat' dir='ltr'>sollicitasse.</span> <span class='ocrx_word' id='word_1_164' title='bbox 661 2597 773 2679; x_wconf 88' lang='lat' dir='ltr'>ltaque</span> <span class='ocrx_word' id='word_1_165' title='bbox 795 2595 823 2660; x_wconf 94' lang='lat' dir='ltr'>si</span> <span class='ocrx_word' id='word_1_166' title='bbox 844 2602 948 2680; x_wconf 89' lang='lat' dir='ltr'>potest</span> <span class='ocrx_word' id='word_1_167' title='bbox 971 2596 1033 2660; x_wconf 94' lang='lat' dir='ltr'>alio</span> <span class='ocrx_word' id='word_1_168' title='bbox 1056 2596 1149 2660; x_wconf 90' lang='lat' dir='ltr'>modo</span> <span class='ocrx_word' id='word_1_169' title='bbox 1167 2596 1326 2660; x_wconf 87' lang='lat' dir='ltr'>medioina</span> <span class='ocrx_word' id='word_1_170' title='bbox 1344 2614 1400 2679; x_wconf 91' lang='lat' dir='ltr'>pa-</span> 
     </span>
     <span class='ocr_line' id='line_1_21' title="bbox 226 2700 1399 2786; baseline -0.003 -20"><span class='ocrx_word' id='word_1_171' title='bbox 226 2703 290 2766; x_wconf 89' lang='lat' dir='ltr'>rari</span> <span class='ocrx_word' id='word_1_172' title='bbox 307 2703 421 2786; x_wconf 81' lang='lat' dir='ltr'>versui,</span> <span class='ocrx_word' id='word_1_173' title='bbox 438 2704 499 2767; x_wconf 91' lang='lat' dir='ltr'>hoe</span> <span class='ocrx_word' id='word_1_174' title='bbox 511 2702 753 2784; x_wconf 84' lang='lat' dir='ltr'>praeferendum</span> <span class='ocrx_word' id='word_1_175' title='bbox 776 2722 846 2768; x_wconf 89' lang='lat' dir='ltr'>esse</span> <span class='ocrx_word' id='word_1_176' title='bbox 863 2703 939 2767; x_wconf 92' lang='lat' dir='ltr'>mihi</span> <span class='ocrx_word' id='word_1_177' title='bbox 961 2702 1098 2785; x_wconf 61' lang='lat' dir='ltr'>videtum</span> <span class='ocrx_word' id='word_1_178' title='bbox 1126 2707 1222 2785; x_wconf 88' lang='lat' dir='ltr'>atque</span> <span class='ocrx_word' id='word_1_179' title='bbox 1244 2706 1316 2767; x_wconf 90' lang='lat' dir='ltr'>sunt</span> <span class='ocrx_word' id='word_1_180' title='bbox 1334 2700 1399 2764; x_wconf 90' lang='lat' dir='ltr'>alia</span> 
     </span>
     <span class='ocr_line' id='line_1_22' title="bbox 226 2809 1400 2893; baseline -0.002 -20"><span class='ocrx_word' id='word_1_181' title='bbox 226 2809 379 2891; x_wconf 83' lang='lat' dir='ltr'>remedia3</span> <span class='ocrx_word' id='word_1_182' title='bbox 407 2829 572 2893; x_wconf 91' lang='lat' dir='ltr'>possumus</span> <span class='ocrx_word' id='word_1_183' title='bbox 592 2809 673 2873; x_wconf 85' lang='lat' dir='ltr'>enim</span> <span class='ocrx_word' id='word_1_184' title='bbox 693 2815 748 2874; x_wconf 88' lang='lat' dir='ltr'>aut</span> <span class='ocrx_word' id='word_1_185' title='bbox 765 2829 824 2892; x_wconf 95' lang='lat' dir='ltr'>pro</span> <span class='ocrx_word' id='word_1_186' title='bbox 838 2809 1058 2892; x_wconf 75' lang='lat' dir='ltr'>„suffringam‘</span> <span class='ocrx_word' id='word_1_187' title='bbox 1072 2828 1248 2892; x_wconf 84' lang='lat' dir='ltr'>supponere</span> <span class='ocrx_word' id='word_1_188' title='bbox 1262 2829 1400 2892; x_wconf 86' lang='lat' dir='ltr'>synony-</span> 
     </span>
     <span class='ocr_line' id='line_1_23' title="bbox 227 2914 1400 2998; baseline -0.003 -17"><span class='ocrx_word' id='word_1_189' title='bbox 227 2937 320 2998; x_wconf 87' lang='lat' dir='ltr'>mum,</span> <span class='ocrx_word' id='word_1_190' title='bbox 335 2917 421 2981; x_wconf 88' lang='lat' dir='ltr'>velut</span> <span class='ocrx_word' id='word_1_191' title='bbox 434 2915 587 2998; x_wconf 80' lang='lat' dir='ltr'>„elidam‘</span> <span class='ocrx_word' id='word_1_192' title='bbox 607 2914 645 2979; x_wconf 86' lang='lat' dir='ltr'>of.</span> <span class='ocrx_word' id='word_1_193' title='bbox 664 2915 727 2979; x_wconf 91' lang='lat' dir='ltr'>Mil.</span> <span class='ocrx_word' id='word_1_194' title='bbox 749 2917 826 2991; x_wconf 82' lang='grc'>167;</span> <span class='ocrx_word' id='word_1_195' title='bbox 844 2917 894 2979; x_wconf 91' lang='lat' dir='ltr'>lta</span> <span class='ocrx_word' id='word_1_196' title='bbox 913 2935 1010 2980; x_wconf 83' lang='lat' dir='ltr'>senex</span> <span class='ocrx_word' id='word_1_197' title='bbox 1028 2916 1109 2979; x_wconf 90' lang='lat' dir='ltr'>talos</span> <span class='ocrx_word' id='word_1_198' title='bbox 1128 2915 1203 2979; x_wconf 72' lang='lat' dir='ltr'>etuti</span> <span class='ocrx_word' id='word_1_199' title='bbox 1219 2914 1309 2979; x_wconf 91' lang='lat' dir='ltr'>iussit</span> <span class='ocrx_word' id='word_1_200' title='bbox 1328 2934 1400 2978; x_wconf 89' lang='lat' dir='ltr'>oon-</span> 
     </span>
     <span class='ocr_line' id='line_1_24' title="bbox 227 3021 1400 3107; baseline -0.005 -18"><span class='ocrx_word' id='word_1_201' title='bbox 227 3022 325 3089; x_wconf 89' lang='lat' dir='ltr'>servis</span> <span class='ocrx_word' id='word_1_202' title='bbox 334 3021 422 3105; x_wconf 86' lang='lat' dir='ltr'>meis,</span> <span class='ocrx_word' id='word_1_203' title='bbox 432 3022 528 3086; x_wconf 90' lang='lat' dir='ltr'>etiam</span> <span class='ocrx_word' id='word_1_204' title='bbox 533 3021 735 3105; x_wconf 83' lang='lat' dir='ltr'>„effringam“</span> <span class='ocrx_word' id='word_1_205' title='bbox 744 3021 832 3086; x_wconf 86' lang='lat' dir='ltr'>haud</span> <span class='ocrx_word' id='word_1_206' title='bbox 841 3021 1089 3107; x_wconf 83' lang='lat' dir='ltr'>improbabiliter</span> <span class='ocrx_word' id='word_1_207' title='bbox 1103 3021 1204 3085; x_wconf 88' lang='lat' dir='ltr'>oonioi</span> <span class='ocrx_word' id='word_1_208' title='bbox 1214 3026 1329 3104; x_wconf 78' lang='lat' dir='ltr'>potest3</span> <span class='ocrx_word' id='word_1_209' title='bbox 1344 3027 1400 3084; x_wconf 90' lang='lat' dir='ltr'>aut</span> 
     </span>
     <span class='ocr_line' id='line_1_25' title="bbox 232 3125 1400 3212; baseline -0.003 -18"><span class='ocrx_word' id='word_1_210' title='bbox 232 3128 475 3212; x_wconf 79' lang='lat' dir='ltr'>transpositione</span> <span class='ocrx_word' id='word_1_211' title='bbox 488 3148 614 3193; x_wconf 85' lang='lat' dir='ltr'>versum</span> <span class='ocrx_word' id='word_1_212' title='bbox 628 3147 742 3192; x_wconf 87' lang='lat' dir='ltr'>sanare</span> <span class='ocrx_word' id='word_1_213' title='bbox 755 3127 892 3211; x_wconf 84' lang='lat' dir='ltr'>studere,</span> <span class='ocrx_word' id='word_1_214' title='bbox 907 3128 1077 3192; x_wconf 86' lang='lat' dir='ltr'>dummodo</span> <span class='ocrx_word' id='word_1_215' title='bbox 1095 3148 1158 3192; x_wconf 90' lang='lat' dir='ltr'>non</span> <span class='ocrx_word' id='word_1_216' title='bbox 1173 3147 1243 3192; x_wconf 89' lang='lat' dir='ltr'>oum</span> <span class='ocrx_word' id='word_1_217' title='bbox 1257 3127 1304 3190; x_wconf 83' lang='lat' dir='ltr'>Fl.</span> <span class='ocrx_word' id='word_1_218' title='bbox 1316 3125 1400 3209; x_wconf 84' lang='lat' dir='ltr'>(nov.</span> 
     </span>
     <span class='ocr_line' id='line_1_26' title="bbox 229 3233 1400 3332; baseline -0.003 -32"><span class='ocrx_word' id='word_1_219' title='bbox 229 3257 300 3300; x_wconf 91' lang='lat' dir='ltr'>ann.</span> <span class='ocrx_word' id='word_1_220' title='bbox 319 3235 392 3319; x_wconf 92' lang='lat' dir='ltr'>phil.</span> <span class='ocrx_word' id='word_1_221' title='bbox 414 3235 486 3318; x_wconf 78' lang='lat'>105,</span> <span class='ocrx_word' id='word_1_222' title='bbox 507 3233 563 3317; x_wconf 82' lang='grc'>72)</span> <span class='ocrx_word' id='word_1_223' title='bbox 579 3234 765 3332; x_wconf 64' lang='lat' dir='ltr'>scribamus:</span> <span class='ocrx_word' id='word_1_224' title='bbox 784 3235 828 3299; x_wconf 91' lang='lat' dir='ltr'>Ut</span> <span class='ocrx_word' id='word_1_225' title='bbox 847 3254 907 3316; x_wconf 82' lang='lat' dir='ltr'>ego</span> <span class='ocrx_word' id='word_1_226' title='bbox 921 3234 1007 3311; x_wconf 88' lang='lat' dir='ltr'>hisee</span> <span class='ocrx_word' id='word_1_227' title='bbox 1025 3235 1105 3299; x_wconf 92' lang='lat' dir='ltr'>talos</span> <span class='ocrx_word' id='word_1_228' title='bbox 1125 3235 1198 3299; x_wconf 87' lang='lat' dir='ltr'>totis</span> <span class='ocrx_word' id='word_1_229' title='bbox 1216 3233 1400 3315; x_wconf 82' lang='lat' dir='ltr'>suffringam</span> 
     </span>
     <span class='ocr_line' id='line_1_27' title="bbox 204 3339 1401 3426; baseline -0.003 -20"><span class='ocrx_word' id='word_1_230' title='bbox 204 3340 374 3426; x_wconf 77' lang='lat' dir='ltr'>aedibus,</span> <span class='ocrx_word' id='word_1_231' title='bbox 398 3340 468 3406; x_wconf 91' lang='lat' dir='ltr'>sed:</span> <span class='ocrx_word' id='word_1_232' title='bbox 495 3340 538 3405; x_wconf 95' lang='lat' dir='ltr'>Ut</span> <span class='ocrx_word' id='word_1_233' title='bbox 559 3340 647 3405; x_wconf 87' lang='lat' dir='ltr'>hisee</span> <span class='ocrx_word' id='word_1_234' title='bbox 668 3345 729 3423; x_wconf 80' lang='lat' dir='ltr'>ego</span> <span class='ocrx_word' id='word_1_235' title='bbox 749 3341 935 3424; x_wconf 83' lang='lat' dir='ltr'>suffringam</span> <span class='ocrx_word' id='word_1_236' title='bbox 958 3342 1040 3406; x_wconf 88' lang='lat' dir='ltr'>talos</span> <span class='ocrx_word' id='word_1_237' title='bbox 1062 3341 1136 3406; x_wconf 87' lang='lat' dir='ltr'>totis</span> <span class='ocrx_word' id='word_1_238' title='bbox 1163 3339 1307 3422; x_wconf 73' lang='lat' dir='ltr'>aedibus5</span> <span class='ocrx_word' id='word_1_239' title='bbox 1331 3360 1401 3424; x_wconf 90' lang='lat' dir='ltr'>pro-</span> 
     </span>
     <span class='ocr_line' id='line_1_28' title="bbox 229 3446 1401 3531; baseline -0.004 -17"><span class='ocrx_word' id='word_1_240' title='bbox 229 3446 468 3514; x_wconf 79' lang='lat' dir='ltr'>celeusmaticus</span> <span class='ocrx_word' id='word_1_241' title='bbox 486 3448 588 3531; x_wconf 89' lang='lat' dir='ltr'>prima</span> <span class='ocrx_word' id='word_1_242' title='bbox 606 3447 682 3512; x_wconf 88' lang='lat' dir='ltr'>sede</span> <span class='ocrx_word' id='word_1_243' title='bbox 700 3447 885 3531; x_wconf 86' lang='lat' dir='ltr'>saepissime</span> <span class='ocrx_word' id='word_1_244' title='bbox 901 3446 1067 3531; x_wconf 83' lang='lat' dir='ltr'>invenitur,</span> <span class='ocrx_word' id='word_1_245' title='bbox 1085 3467 1188 3529; x_wconf 88' lang='lat' dir='ltr'>neque</span> <span class='ocrx_word' id='word_1_246' title='bbox 1206 3446 1238 3509; x_wconf 91' lang='lat' dir='ltr'>in</span> <span class='ocrx_word' id='word_1_247' title='bbox 1258 3451 1401 3529; x_wconf 73' lang='lat' dir='ltr'>eor-repta</span> 
     </span>
     <span class='ocr_line' id='line_1_29' title="bbox 228 3537 1400 3638; baseline -0.003 -19"><span class='ocrx_word' id='word_1_248' title='bbox 228 3554 354 3638; x_wconf 81' lang='lat' dir='ltr'>syllaba</span> <span class='ocrx_word' id='word_1_249' title='bbox 367 3537 454 3618; x_wconf 75' lang='lat' dir='ltr'>hisee</span> <span class='ocrx_word' id='word_1_250' title='bbox 468 3553 690 3619; x_wconf 84' lang='lat' dir='ltr'>offendendum</span> <span class='ocrx_word' id='word_1_251' title='bbox 700 3559 756 3637; x_wconf 77' lang='lat' dir='ltr'>est,</span> <span class='ocrx_word' id='word_1_252' title='bbox 775 3554 850 3636; x_wconf 90' lang='lat' dir='ltr'>quia</span> <span class='ocrx_word' id='word_1_253' title='bbox 863 3554 1063 3638; x_wconf 82' lang='lat' dir='ltr'>unisyllabae</span> <span class='ocrx_word' id='word_1_254' title='bbox 1076 3554 1196 3617; x_wconf 78' lang='lat' dir='ltr'>formae</span> <span class='ocrx_word' id='word_1_255' title='bbox 1209 3552 1400 3636; x_wconf 87' lang='lat' dir='ltr'>pronominis</span> 
     </span>
     <span class='ocr_line' id='line_1_30' title="bbox 227 3657 1401 3745; baseline -0.004 -20"><span class='ocrx_word' id='word_1_256' title='bbox 227 3661 279 3725; x_wconf 91' lang='lat' dir='ltr'>bio</span> <span class='ocrx_word' id='word_1_257' title='bbox 290 3660 401 3744; x_wconf 83' lang='lat' dir='ltr'>(atque</span> <span class='ocrx_word' id='word_1_258' title='bbox 410 3660 540 3724; x_wconf 89' lang='lat' dir='ltr'>elisione</span> <span class='ocrx_word' id='word_1_259' title='bbox 548 3659 584 3723; x_wconf 91' lang='lat' dir='ltr'>fit</span> <span class='ocrx_word' id='word_1_260' title='bbox 593 3659 678 3726; x_wconf 88' lang='lat' dir='ltr'>hisee</span> <span class='ocrx_word' id='word_1_261' title='bbox 686 3660 925 3745; x_wconf 83' lang='lat' dir='ltr'>unisyllabum),</span> <span class='ocrx_word' id='word_1_262' title='bbox 935 3660 962 3725; x_wconf 86' lang='lat' dir='ltr'>si</span> <span class='ocrx_word' id='word_1_263' title='bbox 973 3659 1136 3744; x_wconf 87' lang='lat' dir='ltr'>praeeedit</span> <span class='ocrx_word' id='word_1_264' title='bbox 1148 3679 1211 3724; x_wconf 81' lang='lat' dir='ltr'>vox</span> <span class='ocrx_word' id='word_1_265' title='bbox 1221 3657 1401 3742; x_wconf 87' lang='lat' dir='ltr'>unisyllaba</span> 
     </span>
     <span class='ocr_line' id='line_1_31' title="bbox 227 3754 1239 3851; baseline -0.004 -19"><span class='ocrx_word' id='word_1_266' title='bbox 227 3768 340 3850; x_wconf 83' lang='lat' dir='ltr'>brevis,</span> <span class='ocrx_word' id='word_1_267' title='bbox 359 3765 543 3851; x_wconf 85' lang='lat' dir='ltr'>saepissime</span> <span class='ocrx_word' id='word_1_268' title='bbox 566 3766 782 3851; x_wconf 82' lang='lat' dir='ltr'>oorripiuntm,</span> <span class='ocrx_word' id='word_1_269' title='bbox 801 3767 895 3830; x_wconf 80' lang='lat' dir='ltr'>velut</span> <span class='ocrx_word' id='word_1_270' title='bbox 1234 3754 1239 3759; x_wconf 69' lang='grc'><em>’</em></span> 
     </span>
    </p>

    <p class='ocr_par' dir='ltr' id='par_1_7' title="bbox 229 3870 1401 4167">
     <span class='ocr_line' id='line_1_32' title="bbox 316 3870 1401 3938; baseline -0.003 -2"><span class='ocrx_word' id='word_1_271' title='bbox 316 3874 413 3936; x_wconf 83' lang='lat' dir='ltr'>Poen.</span> <span class='ocrx_word' id='word_1_272' title='bbox 432 3874 462 3935; x_wconf 78' lang='grc' dir='ltr'>ὁ.</span> <span class='ocrx_word' id='word_1_273' title='bbox 477 3874 506 3936; x_wconf 83' lang='lat'>3.</span> <span class='ocrx_word' id='word_1_274' title='bbox 521 3873 577 3936; x_wconf 78' lang='lat'>52:</span> <span class='ocrx_word' id='word_1_275' title='bbox 599 3873 643 3938; x_wconf 92' lang='lat' dir='ltr'>Ut</span> <span class='ocrx_word' id='word_1_276' title='bbox 661 3875 744 3938; x_wconf 72' lang='lat' dir='ltr'>haee</span> <span class='ocrx_word' id='word_1_277' title='bbox 765 3872 966 3937; x_wconf 82' lang='lat' dir='ltr'>inveniantur</span> <span class='ocrx_word' id='word_1_278' title='bbox 990 3871 1083 3937; x_wconf 83' lang='lat' dir='ltr'>bodie</span> <span class='ocrx_word' id='word_1_279' title='bbox 1107 3892 1175 3937; x_wconf 88' lang='lat' dir='ltr'>esse</span> <span class='ocrx_word' id='word_1_280' title='bbox 1197 3871 1290 3936; x_wconf 91' lang='lat' dir='ltr'>huius</span> <span class='ocrx_word' id='word_1_281' title='bbox 1313 3870 1401 3934; x_wconf 81' lang='lat' dir='ltr'>tiliae</span> 
     </span>
     <span class='ocr_line' id='line_1_33' title="bbox 230 3974 1401 4067; baseline -0.003 -25"><span class='ocrx_word' id='word_1_282' title='bbox 230 3978 268 4042; x_wconf 85' lang='lat' dir='ltr'>ef.</span> <span class='ocrx_word' id='word_1_283' title='bbox 289 3978 396 4043; x_wconf 86' lang='lat' dir='ltr'>Fleok.</span> <span class='ocrx_word' id='word_1_284' title='bbox 420 3998 490 4043; x_wconf 83' lang='lat' dir='ltr'>nov.</span> <span class='ocrx_word' id='word_1_285' title='bbox 514 4001 586 4043; x_wconf 91' lang='lat' dir='ltr'>ann.</span> <span class='ocrx_word' id='word_1_286' title='bbox 610 3980 683 4063; x_wconf 90' lang='lat' dir='ltr'>phil.</span> <span class='ocrx_word' id='word_1_287' title='bbox 708 3981 759 4063; x_wconf 78' lang='lat'>61,</span> <span class='ocrx_word' id='word_1_288' title='bbox 781 3981 825 4042; x_wconf 80' lang='lat'>42</span> <span class='ocrx_word' id='word_1_289' title='bbox 850 3998 922 4042; x_wconf 85' lang='lat' dir='ltr'>ann.</span> <span class='ocrx_word' id='word_1_290' title='bbox 946 3984 978 4043; x_wconf 90' lang='lat' dir='ltr'>et</span> <span class='ocrx_word' id='word_1_291' title='bbox 999 3978 1109 4067; x_wconf 66' lang='lat' dir='ltr'>Miller</span> <span class='ocrx_word' id='word_1_292' title='bbox 1131 3978 1233 4041; x_wconf 88' lang='lat' dir='ltr'>Plaut.</span> <span class='ocrx_word' id='word_1_293' title='bbox 1251 3974 1401 4041; x_wconf 87' lang='lat' dir='ltr'>Prosodie</span> 
     </span>
     <span class='ocr_line' id='line_1_34' title="bbox 229 4080 1401 4167; baseline -0.003 -20"><span class='ocrx_word' id='word_1_294' title='bbox 229 4105 258 4167; x_wconf 92' lang='lat' dir='ltr'>p.</span> <span class='ocrx_word' id='word_1_295' title='bbox 279 4085 461 4148; x_wconf 85' lang='lat'>390-401</span> <span class='ocrx_word' id='word_1_296' title='bbox 488 4090 519 4149; x_wconf 91' lang='lat' dir='ltr'>et</span> <span class='ocrx_word' id='word_1_297' title='bbox 543 4086 735 4150; x_wconf 74' lang='lat'><strong>319-326.</strong></span> <span class='ocrx_word' id='word_1_298' title='bbox 780 4084 870 4148; x_wconf 88' lang='lat' dir='ltr'>Haeo</span> <span class='ocrx_word' id='word_1_299' title='bbox 892 4084 974 4149; x_wconf 89' lang='lat' dir='ltr'>ratio</span> <span class='ocrx_word' id='word_1_300' title='bbox 996 4083 1072 4148; x_wconf 92' lang='lat' dir='ltr'>mibi</span> <span class='ocrx_word' id='word_1_301' title='bbox 1095 4084 1190 4147; x_wconf 90' lang='lat' dir='ltr'>etiam</span> <span class='ocrx_word' id='word_1_302' title='bbox 1212 4082 1314 4164; x_wconf 83' lang='lat' dir='ltr'>magis</span> <span class='ocrx_word' id='word_1_303' title='bbox 1330 4080 1401 4165; x_wconf 87' lang='lat' dir='ltr'>&#39;pro-</span> 
     </span>
    </p>

    <p class='ocr_par' dir='ltr' id='par_1_8' title="bbox 187 4190 970 4278">
     <span class='ocr_line' id='line_1_35' title="bbox 187 4190 970 4278; baseline 0.001 -25"><span class='ocrx_word' id='word_1_304' title='bbox 187 4260 190 4265; x_wconf 13' lang='lat'><em>&#39;</em></span> <span class='ocrx_word' id='word_1_305' title='bbox 228 4190 330 4272; x_wconf 89' lang='lat' dir='ltr'>batur,</span> <span class='ocrx_word' id='word_1_306' title='bbox 350 4209 444 4272; x_wconf 90' lang='lat' dir='ltr'>quam</span> <span class='ocrx_word' id='word_1_307' title='bbox 463 4190 665 4278; x_wconf 84' lang='lat' dir='ltr'>„effringam“</span> <span class='ocrx_word' id='word_1_308' title='bbox 682 4190 733 4255; x_wconf 85' lang='lat' dir='ltr'>vel</span> <span class='ocrx_word' id='word_1_309' title='bbox 752 4190 970 4273; x_wconf 81' lang='lat' dir='ltr'>,‚eet&#39;ringam“.</span> 
     </span>
    </p>
   </div>
   <div class='ocr_carea' id='block_1_2' title="bbox 0 0 1587 4925">
    <p class='ocr_par' dir='ltr' id='par_1_9' title="bbox 0 0 1587 4925">
     <span class='ocr_line' id='line_1_36' title="bbox 0 0 1587 4925; baseline 0 0"><span class='ocrx_word' id='word_1_310' title='bbox 0 0 1587 4925; x_wconf 95' lang='lat' dir='ltr'> </span> 
     </span>
    </p>
   </div>
  </div>
 </body>
</html>
