3142 4925
792 338 834 400 26

229 510 325 575 citum
344 512 515 595 (execitum
524 512 560 595 B,
578 512 707 576 t'coitum
717 512 793 597 OD)
804 514 890 579 hisce
899 514 1017 578 habent
1031 514 1215 578 convenisse
1228 518 1260 576 te
1269 510 1405 575 tonilum

227 636 278 681 me
298 651 339 663 -
359 608 508 684 traditum
531 618 627 700 igitur
645 624 693 684 est
711 618 815 704 „hisce
833 619 968 686 haband
989 638 1094 703 neque
1120 620 1199 683 haec
1223 618 1285 683 duo
1307 636 1405 682 voca-

228 723 303 788 bula
320 722 407 807 „me“
424 724 607 809 interposito
626 726 768 811 separari
785 728 872 810 licet,
899 726 984 811 prior
1006 733 1111 791 autem
1134 745 1243 792 versus
1258 724 1307 789 sic
1325 723 1404 787 mihi

226 829 400 895 laciliust
369 837 400 896 et
417 830 530 913 verius,
549 852 645 915 quam
662 834 698 897 a
716 832 951 917 mutationibus,
968 832 1090 899 restitui
1107 852 1200 917 posse
1218 831 1356 897 videtur:

270 917 312 1001 Et
328 942 401 1021 post
418 937 511 1005 dabis
529 938 586 1006 sub
605 939 709 1024 furcis,
727 940 780 1005 abi
796 944 841 1024 ln,
860 960 993 1005 cmcem.
1014 912 1114 1004 -111
1127 939 1202 1004 med
1219 938 1270 1003 hic
1288 955 1405 1022 parum

973 1038 1165 1129 &xercitum

315 1155 410 1221 Hisce
419 1155 628 1238 habent3dms
638 1155 766 1220 alanus
774 1173 885 1220 versus
895 1175 949 1238 qm
939 1154 1052 1219 fuerit
1060 1173 1145 1218 nunc
1154 1170 1306 1234 quaerere
1315 1150 1404 1232 nolo,

226 1260 344 1346 „intro“
365 1281 440 1327 vero
464 1268 498 1326 ut
519 1262 676 1345 glossema
704 1261 764 1325 eioi
790 1260 868 1326 milri
894 1261 1002 1344 utique
1028 1258 1241 1326 necessarium
1267 1257 1405 1339 videtur,

227 1367 303 1450 quia
321 1367 392 1452 „abi
409 1368 492 1432 intro
510 1368 543 1433 in
557 1368 699 1433 omoem“
717 1367 793 1436 ferri
811 1387 1011 1451 nequaquam
1029 1386 1123 1451 posse
1136 1365 1231 1431 facile
1251 1369 1299 1429 est
1312 1362 1405 1427 intel-

129 1547 131 1556 ,
227 1474 318 1539 lectu.

227 1580 308 1645 Rud.
319 1582 348 1645 2.
361 1580 559 1647 nia-:2942
577 1580 673 1647 Hisce
691 1580 777 1646 hami
796 1587 892 1664 atque
909 1579 990 1645 haec
1007 1578 1199 1644 harundines
1217 1583 1289 1643 sunt
1310 1575 1404 1641 nobis

974 1691 1108 1774 quaestu
1131 1685 1276 1767 11111111,

271 1798 358 1863 hisce
375 1819 450 1863 nam
468 1800 553 1864 hami
571 1799 637 1866 Bo.

228 1903 334 1998 (bapt.
348 1905 424 1989 prol.
436 1906 492 1971 35:
511 1906 607 1972 Hisce
630 1915 736 1973 autem
753 1907 835 1972 inter
851 1927 922 1973 sese
939 1907 1022 1971 huno
1046 1902 1262 1968 confinxerunt
1286 1899 1405 1994 dolum,

271 2011 359 2095 „hice
377 2011 411 2076 in
428 2013 465 2076 V.
477 2011 510 2077 O.
529 2013 657 2079 inducto
676 2016 722 2098 τῷ
732 2035 756 2097 1,
774 2014 861 2080 bisce
879 2013 975 2078 Padf‘
993 2009 1129 2091 Parcus)

227 2116 290 2180 Mil
304 2118 402 2183 1334:
422 2116 537 2202 Capita
555 2120 637 2185 inter
655 2140 689 2185 se
706 2120 799 2186 nimis
817 2139 901 2185 nexa
918 2119 1003 2184 hisce
1021 2116 1147 2198 habent,

273 2223 319 2287 sio
336 2223 392 2307 Fi,
409 2225 446 2288 R.
457 2226 580 2290 etLora
599 2226 678 2310 hice,
695 2227 777 2291 libri:
797 2227 869 2291 binc
887 2225 990 2290 habet
1404 2306 1410 2316 ι

228 2329 309 2394 Men.
327 2329 407 2395 958:
441 2330 618 2409 Qudihuo
637 2334 786 2417 estquod
808 2332 879 2398 hice
905 2351 957 2396 me
984 2330 1124 2396 homines
1150 2325 1290 2392 insanire
1312 2324 1411 2409 prae?

974 2437 1103 2504 dicant?

228 2544 274 2610 sio
296 2565 406 2610 versus
428 2545 462 2609 in
489 2546 678 2612 editioribus
700 2546 862 2612 Ritschclii
885 2552 916 2611 et
938 2541 1038 2611 Brixii
1060 2543 1217 2625 scribitur,
1245 2540 1303 2606 sed
1331 2559 1404 2604 curn

229 2651 355 2716 codices
379 2652 548 2718 exhibeant
566 2652 744 2717 lectionem:
766 2675 818 2719 1111
835 2654 886 2736 hic
904 2653 1053 2736 homines,
1072 2647 1272 2718 scribendum
1286 2652 1404 2717 estant

228 2754 263 2821 id
281 2757 365 2839 quod
383 2759 509 2824 Brixius
527 2758 561 2823 in
579 2759 783 2824 adnotatione
801 2760 958 2845 proponit:
986 2780 1036 2825 me
1057 2759 1144 2824 hisce
1167 2754 1319 2835 homines,
1347 2756 1404 2816 aut

229 2864 315 2946 quod
333 2884 393 2946 ego
411 2865 625 2947 praetulerim:
643 2865 717 2930 med
735 2866 823 2931 hisce
841 2865 989 2931 homines.
1021 2866 1087 2931 Sed
1105 2862 1217 2949 paucis
1235 2858 1402 2923 dicendum

229 2975 277 3034 est
300 2969 340 3034 de
367 2970 468 3034 torma
491 2970 598 3053 „hice“
626 2991 721 3054 quam
744 2973 779 3036 a
807 2973 841 3035 in
865 2972 1001 3036 editione
1028 2991 1087 3037 sua
1109 2970 1157 3034 his
1181 2966 1302 3032 duobus
1324 2962 1402 3028 locis
1472 3024 1476 3029 ,

228 3077 360 3160 scripsit
383 3077 501 3142 Notum
515 3084 564 3143 est
573 3077 667 3142 etiam
677 3078 856 3143 Bentleium
864 3078 997 3142 formam
1007 3076 1128 3162 „hisce“
1136 3088 1273 3156 nega-sse
1282 3076 1402 3134 rectam

229 3203 312 3266 esse,
331 3188 363 3246 11
380 3182 485 3265 „hioe“
502 3184 672 3268 scripsisse,
691 3185 749 3250 sed
765 3205 851 3249 nunc
868 3193 969 3267 nemo,
997 3184 1072 3266 quin
1089 3179 1212 3266 „hisce“
1230 3176 1402 3259 antiquitus
1423 3222 1426 3227 -

228 3290 261 3354 in
280 3289 463 3373 usut'uerit,
487 3289 618 3374 dubitat,
646 3290 721 3372 quia
740 3296 772 3355 et
790 3289 987 3374 grammatici
1005 3291 1150 3353 Donatus
1173 3289 1205 3348 11
1222 3281 1402 3347 Priscianus

229 3397 311 3461 hano
334 3396 468 3461 formam
491 3416 560 3461 esse
579 3397 803 3462 Γ11111111111111
825 3402 994 3476 testantur,
1022 3394 1107 3458 etin
1131 3390 1292 3456 codicibus
1310 3389 1403 3453 Plau·
1446 3432 1450 3439 -

228 3503 302 3568 tinis
326 3502 586 3586 Γ1111111111111111
614 3503 742 3587 saepius
769 3502 946 3584 invenitur,
966 3504 998 3564 11
1019 3499 1053 3563 in
1080 3494 1335 3580 inscriptionibus
1353 3500 1403 3557 sat

229 3609 328 3673 multa
347 3628 427 3673 nom.
446 3609 524 3692 plur.
542 3609 705 3674 secundae
724 3607 942 3675 declinationis
968 3606 1002 3669 in
1030 3605 1088 3688 „is,
1116 3622 1163 3685 cs,
1187 3599 1250 3664 eis“
1277 3599 1403 3663 formati

230 3715 385 3798 exempla,
403 3714 436 3777 in
455 3714 567 3797 quibus
582 3715 677 3780 etiam
687 3715 746 3780 hoc
755 3716 858 3799 ipsum
868 3712 997 3796 ,,111111“7
1014 3711 1145 3775 inventa
1162 3711 1236 3771 sunt
1254 3705 1293 3767 ol'.
1312 3705 1403 3770 Neue

229 3824 300 3886 Lat.
311 3821 532 3886 Formenlehre
550 3822 691 3886 112207.
724 3823 835 3902 ltaque
855 3838 927 3883 cum
944 3817 1077 3882 formam
1091 3808 1403 3897 ‚,hisee“‘Plautinam

230 3948 300 3993 esse
311 3933 439 4011 constet,
448 3927 620 3992 videndum
634 3932 690 4010 est,
699 3910 838 4011 possitne
853 3924 949 3987 etiam
958 3921 1063 4007 „hioe“
1073 3917 1206 3999 admitti,
1225 3915 1309 3998 quod
1318 3916 1404 3997 equi-

229 4033 302 4099 dem
329 4034 512 4117 negandum
540 4053 609 4099 esse
637 4048 758 4096 censeo.
807 4031 892 4093 Nam
920 4048 991 4094 oum
1017 4020 1144 4112 praeter
1169 4022 1232 4085 11111
1258 4021 1345 4084 1334
1374 4028 1405 4086 11

228 4136 387 4208 11111958
406 4160 530 4231 semper
539 4140 572 4204 in
581 4138 668 4206 libris
678 4136 799 4220 „hisoe“
808 4135 960 4220 scripturn
977 4135 1027 4217 sit,
1045 4152 1108 4198 non
1126 4129 1201 4194 licet
1217 4125 1266 4190 his
1280 4123 1405 4193 duobus
