3142 4925
741 406 783 470 15

175 583 234 652 sed
249 585 345 650 Poen.
355 584 385 650 5.
398 586 425 650 1.
435 585 491 650 26:
509 584 541 649 Is
558 583 592 648 in
609 583 691 650 tusce
707 581 852 648 habituro
869 586 1072 648 monstratust
1089 582 1272 665 repulsoribus.

175 691 227 757 vel
243 691 308 757 Mil
326 693 406 758 930:
424 690 481 756 iras
498 690 647 757 nunciam
670 690 731 756 duo
749 690 840 775 intro,

175 797 233 862 sed
249 797 551 864 securrissimo:
571 798 694 865 abduoe
711 795 801 862 hasce
818 797 907 862 intro.

264 905 396 970 Possum
418 904 513 970 etiarn
533 910 659 990 praeter
679 904 760 970 haee
782 904 939 989 permulta
961 902 1093 969 offerere
1115 904 1269 989 exempla,
1288 905 1346 970 sed

174 1010 305 1084 tenuem
322 1010 393 1078 finis
410 1010 577 1078 faoiendus
595 1017 657 1078 est.-

264 1118 333 1184 Iam
355 1119 383 1184 si
405 1118 510 1184 omnia
533 1139 614 1202 quoe
636 1117 798 1203 hueusque
822 1118 1025 1185 disseruimus
1047 1116 1346 1203 comprehendimus,

177 1245 334 1308 quaenam
352 1230 400 1290 est
417 1246 540 1291 summa
557 1227 652 1291 totius
672 1224 914 1311 disputationis?
956 1225 1101 1291 Vidimus-
1116 1224 1232 1291 formos
1249 1223 1283 1290 in
1301 1245 1346 1308 ee,

176 1352 195 1396 e
213 1337 364 1398 exeuntes
381 1352 445 1397 non
458 1331 552 1398 modo
564 1338 738 1399 monstrare
750 1351 801 1399 res
814 1333 867 1399 vel
880 1332 1021 1397 homines
1029 1338 1221 1416 praesentes,
1238 1352 1347 1397 verum

157 1453 159 1456 ·
175 1438 427 1505 etiamabsentes
437 1444 532 1524 atque
541 1439 623 1505 adeo
633 1440 811 1506 absumtos
819 1440 976 1523 notiones;
987 1458 1063 1522 ergo
1071 1438 1218 1504 heoinre
1227 1440 1345 1504 nullam

177 1544 219 1611 ab
233 1532 339 1611 alteris
352 1531 459 1612 formis
475 1546 690 1614 diversitatem
703 1548 855 1633 conspici,
873 1545 1009 1613 vidimus
1028 1565 1131 1630 neque
1148 1546 1236 1631 apud
1250 1545 1347 1612 aedes
1457 1563 1460 1568 ’

176 1652 292 1718 formae
311 1652 424 1736 quibus
442 1652 587 1719 additum
604 1660 653 1720 est
673 1659 748 1732 ,ee“
761 1655 854 1734 ¹solas
871 1654 975 1719 looum
993 1653 1119 1738 habere,
1137 1673 1239 1737 neque
1259 1653 1347 1738 apud

177 1779 271 1825 voees
280 1778 364 1843 quae
372 1765 445 1826 sunt
452 1759 597 1845 tabellae,
607 1761 739 1847 littmae,
750 1761 901 1846 epistolae
910 1762 993 1827 solas
1003 1780 1085 1844 quae
1095 1767 1203 1825 oarent
1211 1761 1265 1825 illo
1275 1780 1347 1845 oe,o

177 1865 306 1949 formas3
319 1864 414 1931 immo
428 1865 515 1952 apud
528 1868 634 1933 omnia
647 1868 847 1935 substantiva
863 1874 1012 1951 utrasque
1030 1866 1147 1933 formas
1160 1867 1236 1953 poni
1243 1888 1346 1952 posse,

176 1991 280 2055 neque
301 1972 335 2037 in
356 1973 450 2038 ullius
471 1974 558 2040 voois
580 1974 686 2041 indole
713 1994 752 2041 ao
778 1981 894 2041 namra
921 1974 1090 2059 quiequam
1117 1974 1233 2058 inesse,
1261 1973 1347 2057 quod

179 2079 295 2145 alteras
317 2062 402 2146 solas
420 2078 502 2147 ferat
519 2079 650 2165 formas,
673 2079 790 2148 alteras
811 2101 875 2146 non
898 2079 992 2165 ferat,
1019 2082 1111 2164 larga
1134 2081 1347 2165 exemplorum

178 2186 283 2270 eopia,
304 2186 359 2252 ubi
381 2187 468 2272 apud
492 2187 604 2254 eadem
626 2188 795 2271 voeabula,
813 2188 891 2253 loeis
908 2188 990 2252 inter
1008 2207 1042 2252 se
1060 2206 1157 2270 quam
1175 2187 1346 2271 simillimis,

177 2291 272 2356 modo
280 2292 341 2358 hae
349 2292 443 2359 modo
453 2294 528 2359 illae
536 2293 656 2360 sormee
673 2294 883 2380 inveniuntur,
902 2293 1134 2361 evidentissime
1156 2300 1205 2359 est
1222 2293 1348 2359 demon-

123 2404 126 2408 ’
177 2404 327 2466 stratum·
367 2400 473 2466 Anne
495 2399 531 2467 id
553 2401 679 2486 quidem
697 2401 864 2486 quisquam
893 2401 947 2485 qui
969 2401 1055 2468 looos
1077 2402 1189 2467 allatos
1213 2407 1348 2468 oontem-

177 2507 283 2591 pletur
304 2506 461 2573 affirmare
483 2509 610 2594 poterit,
626 2509 745 2575 termas
763 2508 920 2591 longiores
938 2508 1059 2591 aliquid
1076 2509 1195 2574 maiore
1212 2509 1245 2575 vi
1262 2528 1348 2573 mon-

178 2619 287 2698 snare,
304 2619 339 2679 ut
352 2613 474 2698 ,meet
487 2615 529 2682 sit
544 2615 613 2681 fere
633 2615 684 2694 „hi
702 2614 771 2701 ipsi,
790 2616 871 2681 eben
889 2614 984 2698 diese,
1002 2615 1121 2698 gerode
1140 2615 1254 2700 diese,“
1277 2630 1348 2680 eum

178 2719 340 2804 permultis
356 2720 447 2804 loeis,
470 2721 582 2804 quibus
604 2723 653 2788 vis
677 2743 740 2806 que
754 2741 928 2807 pronomen
947 2721 1074 2788 effertur
1092 2741 1217 2807 prorsus
1236 2722 1347 2787 eadem

179 2831 359 2910 esttamen
375 2827 500 2894 varient
516 2827 645 2914 formae,
663 2835 695 2894 et
712 2849 809 2915 saepe
826 2829 944 2895 formas
963 2848 1034 2895 oum
1053 2829 1191 2894 oeomni
1209 2829 1348 2913 pondero

179 2953 300 3019 earere,
330 2935 449 3001 formes
475 2936 542 3002 sine
568 2956 606 3002 oe
633 2934 719 3002 haud
745 2956 818 3001 roro
843 2956 962 3018 magna
989 2936 1022 3001 vi
1048 2935 1147 3020 premi
1173 2935 1346 3002 videamus.
1386 2990 1388 2993 ,

179 3040 291 3124 Imque
310 3060 381 3107 eum
395 3047 548 3125 utraeque
561 3042 681 3109 formae
691 3044 905 3109 demonstrent
921 3041 1062 3107 homines
1081 3061 1192 3124 resque
1212 3047 1243 3107 et
1256 3062 1347 3127 prees

93 3148 102 3161 “
179 3153 283 3214 sentes
303 3155 335 3213 et
350 3149 509 3233 absentes,
527 3169 598 3215 eum
616 3148 703 3234 apud
721 3149 835 3214 eadem
847 3148 1011 3233 voeabula,
1030 3167 1101 3212 oum
1119 3148 1196 3215 loeis
1214 3149 1296 3215 inter
1313 3170 1347 3215 se

178 3254 351 3340 simillimis,
373 3254 501 3341 saepius
518 3256 551 3320 in
574 3255 684 3321 eodem
705 3256 874 3340 enuntiato,
898 3255 1010 3339 quibus
1023 3275 1064 3321 ne
1076 3255 1207 3321 minima
1221 3255 1348 3338 quidem
1380 3330 1382 3333 v

179 3359 344 3428 diversitas
369 3362 404 3439 in
421 3361 616 3428 monstrandi
633 3361 666 3427 vi
683 3362 735 3428 vel
751 3363 874 3442 ratione
891 3369 995 3448 potest
1013 3363 1160 3448 oonspioi,
1177 3361 1275 3438 modo
1289 3360 1348 3427 has

178 3466 272 3532 modo
288 3469 362 3537 illus
378 3467 495 3535 formas
513 3466 668 3552 legamus3
686 3469 827 3554 sequitur
843 3469 999 3535 internam
1017 3469 1098 3534 inter
1115 3469 1232 3535 formas
1250 3469 1284 3533 in
1301 3488 1347 3553 oe,

180 3580 361 3641 eexeuntes
376 3581 407 3641 et
420 3573 537 3641 formas
549 3575 617 3641 sino
636 3595 681 3660 oe,
700 3596 718 3641 e
735 3596 799 3642 non
817 3596 887 3643 esse
905 3575 1123 3661 differentiam,
1141 3596 1251 3642 verum
1264 3580 1347 3640 utra-

178 3700 310 3764 rumque
330 3681 501 3748 formarum
523 3682 802 3749 demonstrativam
824 3683 976 3749 rationem
998 3702 1038 3747 ao
1064 3683 1129 3748 vim
1156 3703 1225 3750 esse
1252 3683 1347 3768 plane

180 3786 322 3854 eandem.
346 3841 347 3844 ,
519 3865 521 3868 y

269 3895 335 3962 Sed
362 3916 553 3981 quamquam
578 3897 775 3962 monstrandi
801 3896 955 3963 rationem
981 3903 1184 3981 utrarumque
1211 3897 1344 3965 eandem

181 4019 250 4069 esse
270 4002 503 4090 perspeximus,
527 4009 634 4069 tomen
662 4004 907 4070 demonstratum
930 4026 993 4071 non
1015 4011 1064 4070 est
1089 4005 1265 4091 promiscue
1292 4024 1347 4071 eas
1445 4012 1447 4015 ’

179 4110 333 4195 usurpari,
359 4130 434 4175 nam
460 4111 494 4176 in
519 4110 658 4203 *externis
685 4112 779 4178 rebus
801 4131 901 4178 eausa
925 4111 1030 4198 posite
1056 4131 1125 4177 esse
1151 4117 1264 4196 potest,
1292 4131 1347 4176 our

179 4215 273 4281 modo
298 4216 381 4282 hune
406 4216 500 4298 modo
522 4218 609 4285 illam
631 4218 764 4283 formum
790 4220 973 4303 praetulerit
993 4223 1098 4303 poeta.
1148 4220 1252 4317 Atque
1272 4237 1347 4286 mea
