3142 4925
808 449 851 512 58

244 622 296 708 vit,
315 629 421 690 tamon
436 625 660 691 commodiores
674 615 791 690 formas
800 625 928 710 „horum
941 626 1069 690 harum‘
1087 613 1243 711 praetulit.
1271 625 1416 708 Denique

243 730 277 794 in
300 732 524 817 compositione
552 752 623 796 cum
645 730 802 814 particula
828 731 1053 815 interrogativa
1072 731 1147 816 ‚‚ne“
1165 732 1280 817 plenae
1297 732 1416 796 formae

244 844 469 923 remanserunt,
487 838 544 903 sed
563 838 616 923 ‚,e“
634 837 667 902 in
686 836 732 922 „i“
750 838 881 903 transiit.
890 837 917 923 ¹)

697 1301 918 1367 EXCURSUS
940 1303 964 1367 Ι.

666 1459 802 1514 'fabellae
827 1465 858 1514 et
875 1458 997 1515 tabulae.

334 1639 437 1703 Voces
455 1657 538 1721 quae
556 1644 629 1703 sunt
647 1638 775 1704 tabulae
794 1645 826 1704 et
843 1639 981 1704 tabellae
1003 1637 1037 1706 in
1059 1638 1248 1704 editionibus
1265 1638 1419 1703 Plautinis
1446 1686 1449 1691 -

246 1743 374 1827 saepius
397 1743 508 1810 eodem
535 1764 629 1810 sensu
651 1745 796 1812 videmus
818 1746 951 1829 positas,
978 1751 1084 1810 tamen
1107 1750 1259 1809 accurata
1281 1745 1419 1810 omnium

247 1848 360 1932 quibus
381 1850 583 1916 inveniuntur
605 1847 743 1917 locorum
765 1851 907 1917 collectio
931 1871 987 1917 eae
1009 1869 1181 1933 numquam
1202 1850 1286 1916 idem
1313 1851 1419 1916 valere

248 1954 380 2021 docebit.

336 2063 406 2127 Vox
428 2063 616 2132 tabellarum
639 2064 722 2130 enim
744 2066 923 2147 ubicunque
946 2063 1033 2149 apud
1054 2064 1202 2129 Plautum
1229 2063 1344 2146 legitur
1366 2069 1421 2128 aut

249 2188 384 2251 -quae
403 2173 451 2234 est
468 2170 596 2254 propria
609 2170 676 2236 eius
690 2172 739 2237 vis
753 2177 928 2256 —partern
945 2169 1103 2254 significat
1121 2170 1283 2254 epistulae,
1301 2169 1420 2252 lignum

249 2291 323 2338 cera
340 2275 478 2359 oblitum,
495 2277 679 2362 plerumque
697 2297 772 2343 vero
793 2278 888 2343 etiam
900 2278 1021 2343 litteras
1040 2295 1133 2341 cerae
1145 2276 1314 2360 inscriptas
1328 2276 1421 2342 simul

250 2381 465 2466 complectitur
483 2388 514 2448 et
531 2383 616 2449 idem
634 2383 719 2449 valet
734 2390 830 2469 atque
844 2385 987 2470 epistula,
1005 2384 1137 2448 litterae.
1172 2382 1327 2468 Exempla
1341 2382 1421 2447 haec

249 2494 334 2553 sunt:

249 2595 394 2661 Bacchi
401 2598 454 2660 14:
481 2599 575 2662 Nunc
593 2602 627 2662 tu
646 2597 711 2662 abi
726 2598 817 2681 intro,
835 2598 1014 2680 Pistoclere,
1042 2597 1084 2661 ad
1106 2596 1299 2662 Bacchidem
1326 2601 1422 2678 atque

994 2704 1080 2768 ecfer
1097 2703 1159 2767 cito
1174 2741 1216 2750 -

366 2830 369 2833 ’
473 2810 578 2889 Quid?
598 2849 639 2857 -
659 2810 769 2875 Stilum
788 2831 892 2876 ceram
910 2811 1044 2876 tabellas
1067 2810 1172 2876 linum
1328 2881 1333 2884 .

377 2919 453 2982 728:
473 2916 560 3002 Cape
578 2917 683 2984 stilum
699 2938 833 3001 propere
852 2923 883 2982 et
904 2917 1038 2982 tabellas
1055 2922 1090 2981 tu
1107 2916 1166 2982 han
1189 2916 1253 2981 tibi.

377 3023 615 3107 roeznequom
638 3023 725 3091 dicia.
745 3061 788 3070 -
808 3023 894 3089 Cedo
913 3024 1054 3089 tabellas.
1078 3060 1120 3069 -
1143 3021 1271 3106 Accipe.

378 3130 455 3194 768:
473 3130 693 3196 Adambulabo
715 3131 759 3196 ad
781 3130 902 3213 ostium,
924 3136 959 3195 ut
978 3130 1106 3213 quando
1125 3136 1220 3194 exeat

472 3235 637 3320 Extemplo
656 3235 839 3302 advenienti
857 3236 887 3300 ei
908 3235 1138 3301 tabellaa‘dem
1160 3236 1194 3300 in
1216 3255 1354 3300 manum.

377 3343 456 3408 808:
474 3341 587 3407 Nullus
603 3342 696 3407 homo
719 3341 809 3406 dicit:
827 3342 888 3407 hae
906 3342 1043 3408 tabellae
1060 3347 1093 3407 te
1116 3348 1259 3426 arguunt.

377 3450 456 3512 811:
474 3449 608 3531 Egomet
626 3448 760 3514 tabellas
777 3447 876 3531 tetuli,
899 3453 933 3513 ut
954 3448 1101 3514 vincirer:
1124 3449 1202 3514 sine.

377 3555 456 3618 935:
474 3556 558 3623 Nam
582 3575 642 3638 ego
664 3555 880 3627 haatabellas
903 3555 1095 3637 obsignatae,
1124 3554 1327 3637 consignatas
1346 3575 1426 3637 quas

997 3661 1073 3738 lero,

377 3768 456 3832 936:
475 3768 548 3833 Non
574 3773 647 3835 sunt
673 3767 819 3851 tabellae,
847 3767 904 3833 sed
932 3787 1029 3849 equos
1056 3787 1150 3849 quem
1176 3766 1290 3833 misere
1312 3768 1427 3833 Achivi

997 3873 1145 3956 ligneum.

253 4036 465 4045 om

344 4103 366 4169 ¹)
385 4103 457 4157 Post
473 4103 566 4158 Plauti
584 4103 768 4172 Terentiique
787 4108 910 4165 aetatem
923 4101 1028 4158 formas
1041 4102 1070 4156 in
1085 4105 1151 4168 „ce“
1172 4106 1311 4156 exeuntes
1331 4119 1428 4157 rursus

254 4187 283 4242 in
302 4204 383 4244 usum
402 4197 552 4248 revocatos
571 4207 644 4261 esse,
663 4190 787 4247 fortasse
805 4208 858 4261 per
870 4192 902 4246 L.
915 4190 1046 4261 Accium
1064 4196 1163 4247 notum
1182 4194 1235 4245 eut.
1257 4188 1291 4245 cf.
1304 4191 1339 4245 R.
1352 4207 1427 4246 mon.

255 4277 343 4349 epigr.
364 4280 420 4335 tria
437 4296 465 4349 p.
481 4284 513 4336 16
533 4285 562 4336 et
581 4282 623 4345 33,
643 4280 775 4337 Coronen.
795 4279 919 4349 Ausspr.
938 4280 975 4334 11.
994 4282 1054 4334 603.
