3142 4925
589 401 750 470 ,65

19 609 21 656 3
142 569 199 647 fiat
216 581 257 647 ab
279 581 464 664 „voluptas“
481 585 512 667 et
525 577 688 646 desinatur
701 578 735 644 in
751 579 916 663 „colustra
932 577 1124 644 dulciculus“
1137 579 1189 644 vel
1202 578 1316 661 „molli-

19 677 21 738 ῗ
144 688 232 754 culus
256 692 399 769 caseus“,
423 685 518 750 etiam
539 686 572 751 in
595 685 708 750 mediis
730 683 781 749 hic
804 705 868 750 non
890 684 982 750 nimis
1001 685 1159 750 diversum
1176 685 1318 749 ordinem
1405 728 1408 732 >

19 811 20 884 ξ
144 799 285 859 secutum
304 812 374 859 esse
392 798 519 877 poetam
544 797 639 876 atque
662 812 711 857 vv.
733 792 849 856 152-
862 792 926 857 154
953 791 1121 858 verisimile
1144 790 1191 873 fit3
1220 810 1318 874 quare
1355 836 1359 840 -

19 939 21 972 r
144 920 253 966 versus
280 896 343 963 175
367 904 398 963 et
423 899 486 963 176
510 897 701 983 transposui,
723 918 799 962 nam
820 898 1018 982 transpositis
1036 896 1178 964 versibus
1197 897 1248 961 hic
1266 917 1319 962 vo·

146 1026 212 1071 cem
227 1010 372 1089 quaeest
389 1005 535 1089 voluptas
553 1009 736 1087 sequuntur:
753 1003 917 1088 „delicias
935 1004 1029 1087 salus,
1047 1004 1121 1087 vita,
1139 1002 1319 1086 festivitas‘,

145 1116 180 1177 ut
193 1134 221 1177 v.
235 1110 310 1176 152:
329 1110 488 1194 „deliciae
502 1110 578 1194 vita,
593 1110 795 1192 amoenitas‘,
813 1110 952 1193 adquae
967 1109 1111 1175 additum
1125 1116 1172 1175 est
1188 1110 1319 1194 ‚‚salus“,

82 1271 85 1274 .
146 1217 222 1304 quia
244 1217 399 1283 vocabulo
422 1216 507 1299 quod
530 1223 577 1281 est
599 1217 745 1301 voluptas
772 1217 837 1281 iam
859 1238 887 1281 v.
913 1217 977 1280 174
999 1221 1201 1300 praesumpto
1228 1216 1320 1283 unius

148 1322 368 1418 appellationis
386 1323 473 1388 locus
491 1342 612 1389 vacuus
631 1329 711 1407 e1·at;
731 1323 846 1388 deinde
863 1343 892 1387 v.
914 1325 953 1387 17
957 1323 977 1385 5
996 1328 1167 1405 sequuntur
1189 1343 1247 1387 eae
1266 1343 1320 1407 ap-

19 1487 21 1518 p
147 1429 333 1515 pellationes
356 1449 439 1512 quae
461 1429 495 1493 in
516 1437 545 1494 t.
567 1430 630 1495 153
648 1429 789 1512 reliquae
807 1434 880 1494 sunt
898 1448 969 1493 cum
987 1428 1096 1512 primis
1114 1449 1223 1493 versus
1245 1431 1321 1511 1543

19 1541 21 1610 ρ
120 1591 123 1597 ⁴
149 1535 286 1630 denique
305 1535 462 1603 clauditur
478 1535 535 1601 hic
548 1542 583 1600 ut
599 1536 664 1602 illic
681 1536 905 1601 blandimentis
929 1556 1011 1618 quae
1034 1542 1108 1600 sunt
1131 1535 1267 1600 colustra
1291 1542 1321 1600 et

149 1642 324 1708 dulciculus
346 1642 398 1707 vel
414 1642 588 1707 molliculus
607 1662 726 1708 caseus.
763 1643 766 1647 ⁸

238 1750 275 1813 In
294 1749 339 1814 eis
363 1769 445 1833 quae
463 1754 636 1832 sequuntur
657 1771 685 1814 v.
708 1749 770 1813 181
793 1748 928 1814 fortasse
952 1748 1113 1813 eiciendus
1136 1754 1191 1813 est.
1237 1751 1321 1814 Nam

19 1893 21 1936 1
149 1861 316 1941 postquam
329 1855 550 1938 Agorastocles
564 1855 656 1921 dixit:
675 1854 728 1919 Sic
747 1855 830 1919 enim
849 1854 979 1938 diceres,
997 1855 1142 1920 sceleste:
1160 1856 1252 1921 huius
1270 1877 1327 1926 vo-.
1414 1899 1416 1902 ·

19 1995 21 2044 γ
92 1973 95 1977 “
150 1943 254 2046 luptas
273 1967 305 2026 te
328 1962 469 2045 obsecro,
491 1962 583 2026 huius
603 1960 736 2026 deliciae
755 1981 780 2026 e.
800 1982 829 2043 q.
848 1982 885 2046 s,
909 1981 1018 2027 servus
1041 1961 1244 2044 obsequiosus
1262 1962 1323 2028 vir-

149 2059 257 2151 ginem
274 2068 380 2133 statim
396 2068 442 2133 ita
460 2068 648 2152 adloquitur,
666 2071 701 2131 ut
723 2087 795 2132 erus
812 2067 906 2132 modo
925 2067 954 2132 ei
972 2067 1185 2152 praescripsit:

19 2203 21 2284 ζ
114 2187 116 2190 ’
174 2233 177 2236 ,
259 2172 397 2241 Obsecro
414 2174 518 2239 hercle
536 2159 576 2258 te}
593 2173 738 2257 voluptas
756 2173 849 2238 huius
867 2180 963 2256 atque
981 2174 1087 2239 odium
1105 2193 1217 2259 meum,
1292 2257 1294 2264 s

259 2279 376 2346 Oculus
394 2280 494 2364 buius,
511 2280 666 2365 lippitudo
683 2299 764 2363 mea,
782 2280 844 2344 mel
864 2280 965 2363 huius,
983 2280 1025 2345 fel
1043 2300 1156 2365 meum,

152 2386 210 2452 sed
227 2386 261 2451 in
278 2406 374 2453 versu
391 2385 588 2472 interposito:
1161 2472 1164 2477 Ι

197 2493 299 2575 Huius
318 2493 421 2558 amica
439 2498 638 2576 mammeata
657 2513 728 2558 mea
747 2492 876 2556 inimica
895 2497 926 2558 et
942 2494 1107 2579 malevola,

19 2680 20 2683 Ἴ
153 2598 350 2684 offendimus,
366 2600 442 2684 quia
455 2600 676 2682 Agorastocles
691 2599 771 2664 dixit
784 2599 838 2663 ille
853 2600 992 2681 quidem:
1008 2601 1127 2666 diceres
1147 2621 1218 2665 eam
1232 2602 1324 2667 huius
1391 2664 1392 2667 ,

19 2696 21 2777 J
120 2728 122 2733 ’
153 2706 359 2791 uoluptatem,
386 2705 479 2772 huius
507 2706 652 2789 ocellum,
679 2704 771 2770 huius
799 2706 872 2789 mel;
900 2726 1054 2789 nusquam
1084 2706 1175 2771 dixit:
1204 2707 1325 2772 diceres

19 2810 21 2819 '
155 2831 226 2877 eam
251 2812 343 2878 huius
370 2812 506 2876 amicam
533 2817 768 2876 mammeatam:
802 2818 897 2894 atque
924 2813 989 2877 iam
1015 2813 1049 2877 in
1076 2818 1207 2878 externa
1233 2812 1325 2878 huius

154 2937 264 2984 versus
282 2918 388 3004 specie
407 2918 535 3001 aliquod
552 2917 703 2984 indicium
721 2918 802 2983 inest
821 2937 892 2983 eum
909 2939 972 2983 non
990 2919 1081 2984 huius
1098 2920 1160 2984 loci
1178 2939 1256 3003 esse,
1274 2940 1327 2984 ne-

157 3045 217 3109 que
236 3024 318 3089 enim
338 3021 492 3089 consentit
510 3024 569 3089 hoo
587 3024 760 3089 membrum
779 3043 850 3088 oum
874 3025 998 3109 ceteris,
1022 3026 1119 3109 quod,
1137 3046 1209 3091 cum
1227 3026 1261 3090 in
1279 3047 1328 3091 ee-

156 3131 229 3196 teris
248 3130 426 3215 „huius“'et
443 3130 567 3216 „meus“
584 3130 759 3216 postposita
772 3130 843 3221 sint
865 3131 1081 3217 substantivis,
1103 3132 1136 3197 in
1160 3133 1219 3196 hoc
1242 3114 1329 3195 antess
1349 3214 1351 3218 Ι

157 3236 281 3302 cedunt.
308 3237 441 3303 Videtur
459 3242 564 3303 autem
581 3237 705 3303 venisse
722 3257 832 3302 versus
846 3237 880 3301 in
892 3237 975 3301 hunc
988 3238 1091 3303 locum
1104 3248 1161 3322 per
1174 3239 1329 3322 lectorem,
1409 3324 1411 3327 ι

157 3342 211 3426 qui
228 3343 311 3407 hunc
331 3362 453 3408 versum
472 3343 599 3409 aliunde
618 3342 817 3427 desumptum
836 3342 887 3408 hic
905 3344 1050 3430 ascripsit
1067 3351 1195 3429 propter
1207 3350 1336 3410 senten-i

157 3448 221 3513 tiae
232 3448 483 3527 similitudinem.
