3142 4925
803 353 823 416 6
925 376 937 407 ο

226 529 364 613 lectioni,
392 528 532 594 codicem
549 528 579 593 A
597 528 790 611 sequendum
813 550 882 596 esse
904 531 1079 597 arbitratur.
1126 532 1230 611 Quam
1256 554 1397 600 normam
1434 568 1436 570 >

227 637 349 702 etiamsi
367 640 486 702 rectam
509 655 578 700 esse
597 635 703 719 credo,
726 641 832 702 tamen
854 637 1025 703 videndum
1048 644 1108 724 est,
1134 661 1209 705 num
1226 640 1397 708 interillos

227 746 312 809 locos
332 744 360 808 ei
378 744 440 809 sint
457 742 651 826 numerandi,
670 742 782 825 quibus
801 744 834 808 in
852 744 952 809 altera
966 745 1110 810 codicum
1123 746 1244 812 famido
1252 748 1400 831 leguntur

227 852 346 916 formae
368 850 473 928 „hisce
491 849 587 915 hasce
605 849 704 942 haec“
731 849 816 935 (fem,
835 851 889 936 pl.;
917 851 957 916 de
979 852 1120 918 neutrius
1142 854 1267 937 generis
1289 856 1398 940 forma,

228 978 310 1043 quae
325 958 420 1023 etiam
435 956 522 1042 apud
531 955 677 1021 Plautum
687 977 811 1042 semper
824 965 872 1023 est
880 958 1045 1043 „haec“,in
1059 959 1120 1024 hac
1139 962 1399 1029 commentatione

228 1085 399 1148 numquam
418 1062 513 1149 dico),
531 1063 564 1128 in
583 1063 683 1128 altera
709 1063 776 1141 ,his
795 1064 853 1130 has
871 1065 967 1149 hae“;
994 1049 1069 1131 num
1091 1067 1206 1134 talibus
1228 1069 1305 1135 locis
1322 1069 1400 1134 nihil

228 1172 281 1255 sit,
310 1170 394 1254 qnod
417 1171 532 1236 alteras
555 1169 673 1235 immas
693 1171 799 1236 alteris
817 1172 920 1255 magis
940 1173 1143 1239 commendet.
1188 1175 1230 1239 Et
1257 1182 1304 1241 est
1330 1195 1400 1261 pro-

228 1280 319 1344 iecto.
364 1278 458 1346 Patet
476 1276 571 1362 enim,
591 1297 662 1341 cnm
680 1278 801 1343 formae
819 1278 852 1342 in
871 1280 976 1345 cerel
995 1299 1012 1344 c
1035 1287 1185 1346 exeuntes
1197 1286 1278 1366 post
1295 1281 1400 1347 Plauti

230 1390 368 1451 aetatem
385 1384 418 1449 in
436 1405 495 1449 usu
516 1402 584 1450 csse
602 1383 704 1470 magis
719 1385 881 1469 magisque
896 1385 1080 1472 desinerent,
1099 1387 1253 1470 quomodo
1269 1407 1326 1473 pro
1339 1388 1399 1453 for-

228 1493 287 1557 mis
305 1490 418 1576 „hisce,
435 1490 538 1574 hosce,
556 1490 660 1575 hasce,
675 1492 751 1556 cet.“
769 1491 889 1557 formae
898 1492 966 1558 sine
976 1513 1012 1558 ce
1021 1493 1054 1558 in
1064 1493 1189 1560 codices
1202 1495 1338 1580 irrepere
1346 1515 1400 1579 po-

228 1599 356 1682 tuerint,
384 1598 500 1683 quippe
530 1618 601 1663 cum
621 1598 741 1663 librarii
764 1637 806 1645 -
828 1598 863 1664 id
886 1600 971 1681 qnod
993 1600 1183 1685 saepissime
1202 1602 1236 1666 in
1259 1602 1401 1668 omnibus

230 1705 367 1771 omnium
389 1705 573 1791 scriptorum
593 1704 752 1771 codicibus
771 1706 891 1771 iactum
910 1726 979 1771 esse
997 1706 1140 1773 videmus
1159 1746 1192 1754 —
1219 1728 1275 1793 pro
1294 1708 1400 1774 formis

230 1813 376 1879 obsoletis
395 1812 511 1878 formas
530 1812 595 1879 suis
613 1812 804 1897 temporibus
827 1812 962 1877 usitatas
979 1813 1226 1898 substituerentp
1242 1820 1337 1899 atque
1354 1821 1400 1880 ta-

229 1920 310 1990 libus
328 1919 451 1984 mendis
469 1920 602 1986 etiamA
620 1918 768 1985 refertum
786 1939 855 1986 esse
873 1919 1152 1986 innumerabilibus
1171 1927 1266 2006 atque
1284 1922 1401 2007 saepis·

230 2028 308 2093 sime
326 2026 473 2109 antiquas
491 2025 607 2091 formas
625 2026 658 2090 in
672 2025 730 2091 Bo
749 2026 844 2092 etiam
862 2026 907 2092 ibi
925 2031 1068 2092 servatas
1088 2047 1165 2111 esse,
1183 2028 1235 2093 ubi
1254 2029 1324 2093 inA
1337 2029 1401 2094 iam

231 2140 307 2201 sunt.
330 2133 548 2215 oblitteratae,
576 2152 668 2198 nemo
695 2133 749 2215 qui
775 2113 939 2198 Plautinos
976 2132 1101 2198 codices
1127 2134 1178 2199 vel
1204 2133 1402 2202 mediocriter

230 2241 376 2327 inspexit,
393 2240 526 2322 ignorat
571 2239 656 2321 Ergo
674 2245 708 2304 ut
726 2240 811 2306 Trin.
825 2241 891 2304 402
909 2239 1012 2323 „hisce
1030 2240 1179 2306 aedibns“
1198 2238 1402 2325 (quamquam

231 2349 275 2415 ibi
285 2348 379 2414 etiam
392 2347 426 2413 in
439 2347 465 2411 Β
481 2350 540 2412 est:
558 2346 624 2412 isco
632 2345 739 2432 bibus)
748 2347 886 2430 itemque
895 2347 1026 2431 „hasce‘
1035 2346 1120 2411 'Prin
1130 2348 1205 2431 848,
1223 2346 1402 2434 Stichum,

231 2455 298 2522 435
313 2453 425 2520 cumA
440 2458 548 2520 contra
566 2458 685 2521 ceteros
703 2454 798 2521 libros
811 2454 932 2540 „haud“
946 2454 1041 2521 dubie
1058 2453 1257 2520 scribendum
1280 2463 1340 2540 est,
1358 2455 1403 2522 sic

232 2563 327 2629 etiarn
336 2561 458 2646 „hisce“
467 2562 550 2626 Tn'n.
560 2563 711 2646 177,293,
720 2561 946 2646 „hasoe“Most.
957 2563 1031 2645 843,
1040 2563 1105 2626 988
1116 2581 1187 2626 cnm
1196 2561 1280 2627 BOD
1296 2570 1404 2628 contra

233 2671 262 2735 A
280 2675 328 2734 est
344 2668 521 2750 legendum.
566 2668 669 2751 Atque
687 2669 755 2754 ipse
774 2668 961 2735 Ritschelius
978 2688 1063 2736 nunc
1081 2669 1202 2734 duobus
1223 2668 1301 2734 loeis
1319 2669 1404 2734 Trin.

236 2779 308 2862 177,
326 2777 415 2842 Most.
435 2776 499 2840 843
518 2774 605 2841 hisce
623 2781 655 2841 et
672 2776 767 2841 hasce
784 2782 888 2841 rectas
907 2776 1024 2841 formas
1043 2796 1112 2841 esse
1129 2775 1292 2863 intellexit,
1314 2776 1404 2841 tertio

234 2885 304 2950 loco
318 2884 407 2949 Most.
418 2883 483 2947 988
501 2882 598 2947 hasce
616 2883 670 2949 vel
683 2883 742 2948 has
753 2881 853 2966 delet,
871 2904 933 2948 uno
950 2883 1020 2947 loco
1034 2882 1118 2947 Tn‘n.
1129 2882 1195 2947 293
1213 2881 1308 2947 etiam
1321 2902 1405 2947 nuno

234 2990 436 3077 pertinaciter
460 2988 577 3066 codicis
599 2989 628 3053 A
651 2990 838 3056 auctoritate
864 2990 984 3059 innisus
1006 2989 1089 3073 „bis“
1107 2988 1227 3055 retinet
1271 2989 1323 3054 Ad
1339 3009 1417 3054 mu-·

234 3098 366 3163 tendam
385 3102 490 3184 autem
513 3096 700 3163 sententiam
719 3117 809 3163 snam
825 3104 928 3162 motus
947 3102 994 3162 est
1012 3096 1058 3162 eis
1081 3116 1163 3181 quae
1181 3095 1404 3161 Fleckeisenus

234 3206 268 3270 in
296 3224 428 3271 censura
449 3202 554 3269 Plauti
580 3203 783 3269 Bitscheliani
810 3205 900 3269 Neue
928 3203 1035 3269 Jahrb.
1058 3202 1078 3268 f.
1101 3202 1179 3268 Phil.
1205 3203 1256 3266 60.
1279 3202 1347 3267 244
1360 3222 1404 3285 sq.

236 3317 344 3378 contra
362 3331 434 3376 eum
452 3309 637 3394 disputavit:
665 3309 741 3375 Hier
758 3310 799 3376 ist
816 3310 967 3376 zun‘a'chst
985 3310 1044 3376 das
1058 3308 1216 3376 Versehen
1235 3329 1274 3373 zu
1288 3308 1405 3373 berich-

235 3421 335 3503 tigen,
359 3418 433 3484 dass
451 3438 480 3482 v.
496 3418 561 3494 293
580 3416 633 3483 die
650 3417 764 3483 Lcsart
780 3416 867 3481 nicht
885 3417 1040 3483 zwbchen
1061 3415 1110 3481 his
1133 3414 1198 3480 und
1216 3413 1302 3479 hisce
1321 3415 1406 3481 acdi-

235 3527 307 3610 bus,
334 3524 469 3591 sondcrn
491 3523 648 3589 zwischen
670 3524 718 3591 bis
741 3523 807 3601 und
828 3522 914 3589 hisce
937 3524 1055 3588 artibus
1081 3521 1260 3605 schwankt,
1288 3543 1355 3589 was
1372 3523 1406 3586 ln

237 3633 355 3699 diesem
382 3631 472 3699 Falle
500 3652 559 3714 gar
585 3631 670 3697 nicht
698 3631 757 3697 eui
780 3631 847 3696 eins
874 3630 987 3696 hinaus
1009 3628 1101 3712 lituit,
1130 3628 1173 3693 da
1195 3627 1293 3697 aedes
1316 3628 1405 3693 einen

236 3738 415 3806 sichtbaren
444 3737 661 3822 Gegenstand,
689 3736 749 3802 auf
760 3737 834 3803 -den
863 3737 919 3803 der
945 3735 1084 3801 redende
1110 3734 1283 3801 hinweisen
1309 3735 1405 3818 kann,

237 3852 320 3913 artes
339 3847 415 3911 aber
434 3844 525 3910 einen
548 3845 729 3911 abstracten
746 3844 869 3928 Begriff
891 3843 1081 3909 bezeichnet.
1127 3841 1212 3920 Quid
1232 3841 1280 3907 his
1302 3840 1406 3909 verbis

236 3953 462 4019 Fleckeisenus
480 3952 586 4018 dicere
604 3952 688 4036 velit,
708 3950 836 4019 difficile
854 3957 902 4017 est
919 3955 1094 4036 perspectu,
1113 3969 1185 4015 oum
1202 3952 1327 4033 pergat:
1350 3947 1406 4021 So

238 4060 323 4125 dann
341 4058 458 4127 bedari
473 4079 506 4125 es
524 4058 606 4124 noch
624 4058 709 4124 einer
726 4057 977 4141 Untersuchung,
995 4058 1035 4122 ob
1052 4054 1139 4132 nicht
1155 4055 1189 4119 in
1207 4054 1281 4119 dem
1289 4054 1406 4136 Plauti-

237 4165 365 4232 nischen
387 4150 669 4251 Sprachgebrauoh
691 4164 835 4230 wirklich
858 4165 909 4230 ein
927 4161 1135 4243 Unterschied
1157 4160 1316 4227 stattfinde
1334 4161 1406 4226 zwi-
