3142 4925
809 391 853 455 52

245 564 338 642 Quod
365 569 471 631 autem
489 564 655 631 Terentius
683 571 757 630 ante
785 586 871 632 cons.
893 567 978 632 solas
1000 567 1118 633 formas
1140 566 1268 651 „horum
1285 567 1415 632 harum“

246 670 420 757 usmpavit,
442 691 506 737 non
529 678 577 737 est
598 673 707 755 magni
724 675 883 757 momenti,
907 673 982 757 quia
1000 674 1171 756 permultas
1190 674 1337 756 antiquas
1355 674 1415 738 for-

244 800 313 843 mas
331 778 444 861 quibus
462 778 594 844 Plautus
619 779 781 844 etiamtum
799 800 875 848 usus
898 786 946 844 est
964 781 1129 846 Terentius
1147 780 1213 844 iarn
1229 779 1417 845 nonhabet.

243 887 356 969 ltaque
378 905 442 950 non
464 890 530 949 tam
554 885 596 951 de
616 874 791 952 mutatione
809 882 919 951 horum
937 906 995 952 sex
1017 887 1156 951 locorum
1178 885 1254 950 milri
1278 885 1418 968 cogitan-

245 992 320 1056 dum
337 991 470 1074 videtur,
490 1012 586 1074 quarn
604 992 644 1056 de
663 992 883 1077 explicatione,
902 992 1058 1076 quomodo
1076 992 1196 1060 iactum
1214 992 1263 1076 sit
1282 993 1418 1056 utPlau-

245 1105 295 1163 tus
318 1104 467 1181 utrasque
485 1098 602 1163 formas
621 1099 783 1164 admiserit
803 1105 833 1164 et
851 1100 957 1166 formis
976 1099 1171 1165 brevioribus
1184 1098 1312 1183 saepius
1323 1118 1418 1180 quam

245 1205 351 1270 alteris
370 1224 446 1269 usus
464 1204 517 1286 sit;
542 1224 640 1269 causa
662 1226 737 1271 vero
755 1205 836 1270 haec
855 1211 915 1269 est:
935 1205 1014 1270 Cum
1036 1206 1206 1271 formarum
1224 1204 1417 1289 pronominis

245 1310 331 1395 ,his‘
345 1311 395 1375 vel
405 1310 511 1394 „hice“
521 1311 630 1375 ultima
644 1312 748 1376 littera
763 1312 941 1396 decidisset,
955 1313 1141 1378 exstiterunt
1154 1311 1274 1377 formae
1283 1311 1419 1394 „horunc

244 1417 382 1482 11810110α
387 1438 394 1499 ;
414 1436 492 1500 quas
511 1416 614 1499 eloqui
633 1422 707 1484 ante
720 1419 848 1484 vocales
863 1418 927 1483 eth
943 1418 1017 1502 quia
1035 1438 1237 1503 nequaquam
1254 1401 1418 1482 molestum

245 1529 322 1619 erat,
342 1523 388 1589 ibi
406 1544 426 1588 a
444 1524 557 1588 Plauto
576 1525 786 1608 Terentioque
805 1531 949 1590 seruatae
967 1531 1053 1607 sunt3
1077 1524 1135 1591 sed
1153 1530 1227 1589 ante
1245 1545 1418 1590 consonan-

244 1636 292 1695 tes
307 1629 430 1694 etiamsi
443 1630 597 1713 „horunc“
611 1637 643 1695 et
655 1632 812 1715 „harunc“
825 1631 1021 1717 pronuntiari
1035 1631 1141 1716 aliquo
1154 1632 1248 1696 modo
1264 1635 1418 1715 poterant,

244 1743 352 1801 tamen
372 1737 470 1801 multo
490 1737 715 1803 commodiores
738 1744 830 1803 erant
856 1739 976 1804 formae
999 1739 1126 1822 „horum
1144 1737 1283 1820 harum“,
1311 1757 1417 1820 quare,

245 1863 440 1926 quamquam
459 1842 590 1909 Plautus
613 1844 684 1909 illas
706 1864 770 1909 non
792 1866 919 1929 prorsus
943 1845 1073 1930 sprevit,
1100 1851 1208 1910 tamen
1231 1846 1288 1909 has
1315 1844 1418 1926 magis

245 1949 378 2032 amavit,
401 1949 541 2014 Terentii
568 1969 642 2015 vero
671 1956 776 2017 aetate
804 1952 913 2034 lingua
935 1952 1000 2016 iarn
1024 1971 1062 2017 eo
1085 1958 1154 2017 erat
1175 1970 1357 2037 progressa,
1384 1955 1419 2013 ut

245 2056 386 2121 duriores
404 2056 521 2121 formas
539 2056 604 2119 iam
622 2077 747 2140 prorsus
766 2058 941 2123 abiecisset.
983 2058 1085 2123 Huius
1108 2058 1154 2122 rei
1176 2064 1215 2123 ut,
1233 2077 1361 2142 prorsus
1379 2056 1418 2121 si-

201 2229 204 2232 .
245 2163 351 2227 milem
369 2182 616 2240 commemorem,
636 2155 726 2245 quae,
747 2169 900 2246 quantum
913 2164 1015 2248 video,
1029 2165 1168 2229 nondum
1182 2169 1230 2229 cst
1244 2164 1419 2246 observata,

247 2289 317 2333 cum
341 2269 428 2354 apud
451 2269 597 2334 Plautum
619 2275 745 2354 praeter
767 2270 884 2335 formas
910 2271 1017 2347 „illum
1039 2271 1144 2335 illam“
1171 2271 1268 2335 etiam
1290 2289 1419 2334 nonnun

247 2395 341 2458 quam
363 2375 484 2439 formae
506 2376 619 2458 „illunc
642 2375 755 2440 illand‘
773 2377 983 2462 reperiantur,
1002 2377 1089 2463 apud
1107 2377 1289 2441 Terentium
1306 2376 1417 2439 harum
1493 2377 1495 2380 ’

246 2483 416 2547 formarum
438 2503 479 2546 ne
501 2503 597 2548 unum
620 2482 748 2566 quidem
772 2490 877 2549 exstat
899 2485 1084 2568 exemplum.
1136 2482 1229 2560 Quod
1253 2488 1358 2547 autem
1385 2482 1419 2545 in

246 2589 347 2673 „hanc
365 2588 465 2654 hund‘
483 2589 536 2673 „c“
554 2610 678 2674 semper
696 2591 834 2655 servavit
851 2590 961 2673 lingua
979 2591 1109 2673 Latina,
1128 2596 1277 2654 accentus
1295 2588 1419 2654 mutila·

247 2697 364 2761 tionem
374 2696 483 2779 arcuit,
493 2695 550 2761 sed
564 2716 627 2779 qua
642 2702 689 2761 est
703 2696 813 2778 lingua
826 2694 1420 2780 11100118101111801110111118,,11111111811111“

249 2807 283 2866 et.
302 2802 404 2885 „illinc
434 2801 545 2867 istinc“
572 2802 700 2867 retinuit
724 2803 854 2886 „istino“
882 2809 914 2867 et
941 2803 1070 2887 „illinet
1120 2802 1266 2868 Ceterum
1287 2802 1420 2867 Plautus

248 2913 352 2992 potest
369 2908 422 2974 ille
441 2908 567 2992 quidem
587 2908 683 2974 etiam
700 2914 827 2993 praeter
844 2909 900 2976 hos
918 2930 975 2975 sex
998 2910 1083 2975 locos
1105 2909 1262 2974 nonnullis
1285 2909 1421 2992 ,1101111111

248 3014 386 3079 11811111οκ
409 3014 585 3098 scripsisse,
607 3015 662 3080 ubi
684 3035 767 3083 1111110
790 3015 917 3099 „horum
940 3016 1069 3081 harum“
1091 3015 1237 3099 legimus,
1265 3015 1321 3080 sed
1350 3034 1421 3078 oum

250 3141 341 3186 omne
368 3120 458 3186 nobis
486 3120 567 3186 desit
593 3121 833 3187 instrumentum
855 3123 898 3188 ad
922 3121 1187 3204 cognoscendum,
1220 3121 1274 3187 ubi
1300 3122 1422 3187 formae

249 3227 385 3312 „horunc
402 3226 540 3292 haruno“
558 3227 621 3293 sint
642 3229 820 3312 mutilatae,
843 3250 864 3292 a
881 3228 1107 3295 mutationibus
1126 3227 1347 3294 abstinendum
1367 3232 1422 3291 est

340 3511 485 3594 Denique
508 3532 605 3576 unum
622 3512 734 3596 paucis
757 3532 884 3578 monere
903 3514 981 3577 volo.
1026 3510 1089 3578 Ubi
1107 3512 1214 3579 formis
1231 3509 1423 3597 pronominis

251 3618 337 3704 „hic“
353 3618 479 3682 adnexa
494 3623 541 3683 est
554 3618 710 3703 particula
723 3619 951 3701 interrogativa
965 3619 1050 3703 „ne“,
1064 3639 1127 3683 11011
1140 3618 1233 3683 modo
1247 3618 1301 3702 „c“
1313 3640 1423 3685 verum

252 3726 347 3789 etiam
370 3723 423 3808 „e“
447 3729 626 3791 constanter
648 3729 808 3790 servatum
831 3731 877 3790 est
896 3731 927 3789 et
944 3726 978 3789 in
1000 3724 1169 3808 singularis
1192 3730 1223 3789 et
1241 3725 1274 3789 in
1291 3727 1423 3810 pluralis

251 3831 373 3896 numeri
394 3831 501 3896 formis
521 3831 677 3917 omnibus,
701 3832 746 3897 ita
769 3837 884 3915 tamen,
903 3836 937 3895 ut
960 3829 1013 3917 „e“
1031 3831 1065 3896 in
1083 3831 1129 3917 „i“
1147 3831 1354 3916 transierit¹);
1376 3832 1423 3897 sic

324 4026 347 4093 ¹)
374 4027 454 4082 Neue
469 4025 490 4079 ·1.
511 4041 533 4080 0.
545 4025 587 4081 2⁹.
606 4025 658 4082 205
678 4024 807 4093 exempla
825 4024 917 4094 magis
936 4022 1044 4094 aliquot
1061 4024 1160 4079 harum
1179 4023 1329 4079 formarum
1349 4030 1422 4080 attu-

251 4113 298 4184 lit,
322 4130 406 4182 quem
427 4115 540 4183 plenam
565 4118 594 4168 et
617 4113 775 4169 absolutam
799 4113 922 4168 omnium
946 4113 1049 4183 quibus
1077 4113 1131 4168 lrae
1155 4112 1263 4170 formae
1290 4113 1424 4183 leguntur

252 4202 379 4258 locorum
397 4203 479 4259 dedit
497 4202 700 4259 collectionem.
