3142 4925
741 422 785 486 45

174 602 269 666 Poen.
278 589 310 666 5.
321 603 352 665 4.
363 602 419 666 78:
437 599 500 666 Ubi
518 605 590 664 sunt
609 618 668 664 eae
682 605 737 664 aut
750 619 834 682 quae
848 605 922 664 sunt
936 599 1087 664 obsecro?
1107 597 1191 663 Satis
1204 598 1265 663 hae
1279 604 1353 663 sunt
1389 639 1391 642 -

921 711 1110 772 maceratae.

393 825 412 863 ἒ
435 812 480 878 sic
498 813 535 894 A,
554 812 663 877 ceteri:
681 812 759 878 satis
777 812 1008 878 immaceratac.

111 975 113 977 ,
178 919 264 985 Trin.
281 920 380 984 1124:
408 918 478 984 Hae
503 917 560 1004 (sc.
584 918 681 996 fores)
705 917 808 984 sonitu
830 938 887 983 sno
909 938 1029 982 moram
1050 918 1126 984 milri
1149 917 1287 982 obiciunt
1308 918 1355 982 ina

927 1025 1098 1090 commode.

177 1133 258 1199 Rud.
271 1133 496 1198 Ledam:
515 1133 583 1196 Nec
601 1130 704 1214 magis
723 1131 809 1196 solae
828 1136 930 1196 terrae
949 1133 1036 1197 solae
1053 1137 1135 1215 sunt,
1158 1151 1254 1213 quam
1272 1130 1353 1194 haec

203 1303 207 1316 Ι
712 1234 809 1324 [sunt]
829 1238 899 1302 loca
918 1244 1013 1321 alque
1031 1238 1091 1302 hae
1109 1238 1263 1320 regiones.

177 1347 229 1411 Ps.
240 1347 295 1410 23:
314 1345 357 1410 Ut
375 1344 493 1429 opinor,
511 1349 667 1427 quaemnt
684 1344 808 1408 litterae
825 1344 887 1410 hae
910 1333 971 1409 sibi
993 1323 1115 1411 liberob'.

214 1452 292 1518 594:
311 1452 353 1516 Hi
375 1451 436 1515 loci
458 1457 554 1534 atque
576 1450 638 1516 hae
661 1457 734 1516 sunt
756 1450 901 1533 regiones
925 1472 1007 1534 quae
1030 1450 1071 1516 ab
1099 1470 1153 1515 ero
1179 1449 1254 1513 mihi
1281 1453 1355 1513 sunt

250 1622 255 1646 ,
926 1557 1167 1623 demonstratae.

179 1647 276 1729 Stich.
288 1666 365 1729 312:
384 1663 486 1729 Nimis
505 1664 617 1730 vellem
635 1664 696 1729 hae
714 1664 797 1729 fores
816 1684 903 1730 erum
921 1664 1083 1746 fugissent.

127 1767 130 1774 ’
181 1813 185 1818 ·
266 1771 421 1855 Exempla
439 1770 599 1854 utriusque
617 1770 736 1835 formae
749 1767 815 1835 iarn
828 1770 926 1842 habes
942 1775 1092 1853 congesta
1099 1769 1142 1854 ¹),
1162 1788 1244 1852 quae
1258 1769 1291 1833 si
1299 1789 1355 1833 nu·

180 1896 293 1960 meras,
308 1877 478 1943 formarum
487 1877 603 1961 „haec“
613 1883 643 1942 et
653 1876 749 1961 „hae“
759 1877 894 1942 eundem
903 1876 1026 1941 invenis
1035 1896 1206 1941 numerum.
1234 1877 1356 1939 Tamen

181 2005 253 2048 cum
275 1984 403 2049 minime
426 1983 588 2049 codicibus
610 2003 734 2069 semper
755 1983 835 2048 fides
857 1982 1005 2049 habenda
1032 1982 1086 2065 sit,
1115 1982 1355 2068 disceptandum

1 2142 2 2155 ,
67 2133 73 2140 -
157 2093 366 2175 'est,.utrum
388 2096 554 2172 utramque
577 2090 709 2155 formam
729 2088 890 2154 admiserit
907 2090 1038 2154 Plautus
1058 2110 1100 2153 an
1118 2109 1241 2173 semper
1259 2089 1355 2172 „bae“

181 2194 370 2283 ansemper
393 2196 508 2280 „haec“
531 2195 657 2278 dixerit,
686 2195 771 2279 quod
794 2195 867 2260 ideo
891 2195 1062 2261 admodum
1084 2194 1213 2261 difficile
1237 2201 1284 2260 est
1312 2195 1355 2259 ad

168 2302 423 2387 decernendum,
442 2304 525 2386 quia,
544 2322 615 2367 cum
633 2322 741 2368 versus
761 2301 889 2367 arbitrio
909 2322 1085 2384 careamus,
1109 2301 1167 2366 soli
1188 2301 1355 2366 ratiocina-

181 2409 259 2483 tioni
276 2415 326 2476 res
346 2416 394 2476 est
412 2409 573 2495 permissa.
619 2410 686 2475 Iam
705 2409 780 2493 quia
803 2414 878 2474 ante
902 2414 1109 2474 consonantes
1131 2409 1215 2475 solas
1238 2401 1365 2474 formas

180 2517 248 2582 sine
266 2517 339 2600 „ce“
357 2516 544 2581 invenimus:
562 2515 621 2599 „hi,
634 2514 691 2598 lris,
705 2516 770 2599 hos,
785 2515 873 2597 has“;
892 2515 986 2579 facile
1005 2514 1117 2598 aliquis
1137 2515 1179 2579 ad
1198 2536 1268 2579 eam
1287 2536 1356 2580 sen-

1 2595 3 2600 *
160 2612 310 2687 'tentiam
333 2642 507 2706 propensus
531 2642 599 2689 esse
622 2628 738 2706 potest,
760 2623 907 2686 Plautum
931 2627 1005 2685 ante
1028 2626 1236 2686 consonantes
1261 2622 1375 2685 etiam·

180 2729 213 2793 in
231 2749 312 2793 nom.
332 2730 404 2794 lem,
424 2749 494 2811 gen.
514 2728 613 2793 solam
631 2727 765 2792 formam
782 2728 851 2793 sine
869 2727 923 2810 „c“
942 2728 1039 2810 „hae“
1054 2747 1236 2812 usurpasse,
1253 2742 1356 2810 neque

181 2854 256 2900 vero
275 2841 359 2925 recte
378 2835 405 2900 is
423 2829 625 2917 iudicaverit,
648 2855 722 2898 nam
740 2835 875 2919 primum
894 2834 1020 2916 quidem
1038 2833 1104 2898 iam
1126 2834 1291 2899 multitudo
1314 2835 1357 2898 lo·
1461 2920 1465 2927 ι

184 2959 290 3009 corum
309 2941 422 3024 quibus
439 2940 555 3024 „haec“
573 2940 607 3005 in
626 2939 787 3007 codicibus
806 2940 924 3022 legitur
936 2947 1031 3022 coget
1050 2941 1121 3005 eum
1135 2960 1226 3005 suam
1240 2941 1356 3025 opinio-

181 3047 253 3111 nem
271 3048 400 3112 missam
418 3046 532 3129 facere,
551 3066 654 3129 neque
673 3046 764 3130 enim,
783 3065 976 3129 quamquam
995 3046 1127 3111 concedi
1144 3053 1248 3131 potest
1266 3048 1359 3111 inter.

183 3153 258 3218 dum
275 3174 332 3238 pro
346 3152 443 3237 „hae“
459 3172 561 3218 errore
574 3152 690 3237 „baec“
704 3152 797 3218 scribi
812 3151 960 3236 potuisse,
978 3158 1024 3217 tot
1031 3154 1114 3234 'locis
1129 3160 1264 3218 erratum
1280 3175 1358 3236 esse,

185 3266 217 3324 et
240 3259 367 3346 quidem
391 3259 519 3343 saepius
542 3260 575 3324 in
598 3259 674 3343 ipsis
698 3257 922 3341 antiquissimis
946 3259 1107 3326 codicibus
1126 3266 1264 3326 erratum
1282 3278 1360 3344 esse,

183 3365 246 3430 ullo
264 3365 358 3430 modo
377 3365 545 3442 verisimile
564 3370 624 3447 est,
643 3363 758 3430 deinde
776 3385 851 3429 vero
866 3385 906 3430 ex
919 3386 1002 3430 nom.
1016 3387 1113 3432 masc.
1128 3387 1207 3451 gen,
1223 3366 1286 3433 dat
1298 3367 1358 3434 abl.

184 3491 250 3536 acc.
269 3471 376 3537 formis
396 3472 609 3536 coniecturam
626 3471 732 3537 facere
751 3470 792 3535 dc
810 3492 891 3535 nom.
910 3472 981 3536 lem.
1005 3493 1074 3555 gen.
1094 3494 1156 3539 non
1176 3474 1257 3558 licet,
1276 3476 1360 3558 quod
1405 3486 1408 3489 ’

182 3576 215 3639 in
231 3576 337 3660 sonnis
350 3577 443 3663 „bisc
462 3577 546 3662 boso,
565 3576 660 3643 haso“
679 3577 807 3660 quidem
821 3598 943 3643 summa
958 3581 1129 3647 necessitas
1144 3588 1212 3647 erat
1226 3582 1285 3666 „c‘l
1295 3564 1359 3650 abi·

184 3682 302 3767 cicndi,
330 3683 447 3767 quippe
473 3704 554 3766 quae
577 3685 719 3748 Romano
743 3684 788 3747 ori
817 3691 922 3749 essent
948 3685 1172 3770 intolerabiles,
1200 3688 1233 3751 in
1261 3688 1361 3752 forma
1387 3710 1391 3715 ’

184 3788 301 3871 „haec“
319 3789 554 3874 pronuntianda
572 3810 699 3873 prorsus
718 3790 806 3855 nulla
824 3790 936 3856 aderat
954 3790 1133 3857 difficultas.
1164 3792 1287 3858 Idcirco
1307 3815 1361 3869 cur
1381 3874 1384 3879 ⁴

152 4026 154 4030 ³
274 3966 297 4033 ¹)
310 3965 341 4018 F.
354 3965 434 4019 Neue
448 3980 561 4034 quoquc
574 3964 776 4020 Formenlehre
790 3966 842 4020 der
854 3966 1041 4022 lateinischcn
1054 3967 1189 4038 Sprache,
1207 3970 1299 4023 22207
1319 3986 1360 4038 sq.
1403 4022 1409 4031 ‚

185 4051 293 4117 formae
313 4052 418 4123 „haec‘f
439 4053 570 4122 exempla
592 4042 722 4123 collegit,
747 4055 798 4107 sed
823 4055 848 4108 si
873 4055 949 4108 illins
973 4056 1098 4111 locorum
1123 4058 1361 4129 enumerationem

185 4156 249 4195 cum
267 4157 331 4196 mea
350 4136 537 4211 comparabis,
557 4141 633 4196 haud
651 4156 759 4212 paucos
779 4142 857 4196 illum
879 4144 1010 4198 omisisse
1029 4145 1108 4200 locos
1128 4148 1206 4201 etde
1220 4147 1362 4200 nonnullis

177 4223 259 4284 'falsa
277 4230 410 4285 retulisse
428 4229 550 4284 videbis.
