3142 4925
788 363 829 427 76

162 573 169 586 ι
193 511 206 628 ¹.
222 531 311 619 Oapt.
322 511 390 601 22.
402 536 564 603 stt-2317:
582 537 711 604 Memini
728 559 789 622 ego
806 540 916 606 istaec.
939 578 981 587 —-
999 540 1079 605 istoc
1096 561 1168 607 mss.
1188 548 1219 606 et
1236 544 1320 608 Brix.

221 639 310 725 Capt.
321 644 350 705 2.
362 644 391 707 3.
403 644 564 709 69=42a
584 646 687 710 Istaec
701 646 788 711 dicta
806 652 837 710 te
852 647 987 731 experiri
1001 652 1032 711 et
1046 648 1149 731 operis
1165 653 1196 711 ct
1209 647 1302 713 factis
1315 649 1401 714 volo.
1410 654 1416 682 ’-

290 749 557 816 4.2.110=890:
576 751 647 835 Dic,
665 752 770 817 bonan
788 752 852 817 fide
869 758 904 818 tu
922 753 965 818 mi
983 753 1082 819 istaec
1100 754 1198 818 verba
1218 754 1396 820 dixisti?-

615 913 620 919 .
964 860 1062 924 Bona.

323 961 405 1027 Cas.
416 963 445 1027 5.
454 965 484 1027 4.
496 965 550 1028 17:
569 964 646 1028 Feci
665 983 724 1047 ego
742 963 851 1048 istaec,
871 955 1028 1047 quaeres
1047 965 1158 1032 dicitis.
1174 1017 1177 1021 .

201 1079 211 1092 ²
330 1068 442 1135 Cistl.
455 1070 549 1135 1.54:
568 1068 723 1154 Equidem
740 1069 844 1135 hercle
870 1070 988 1136 addam
1015 1057 1147 1156 operamx
1166 1073 1297 1138 sedulo.
1332 1073 1397 1138 Sed

802 1176 804 1180 ’
913 1178 990 1261 quid
1008 1184 1042 1243 tu
1060 1179 1141 1243 inter
1158 1180 1258 1244 istaec
1276 1179 1395 1245 verba?

414 1284 550 1349 2.1..34:
568 1284 641 1349 Non
669 1284 781 1369 edepol
812 1290 868 1349 tua
895 1284 995 1351 istaec
1024 1285 1110 1350 dicta
1137 1285 1282 1351 nuncin
1310 1285 1395 1350 auris

464 1460 475 1467 ,
553 1471 556 1478 ι
794 1465 795 1468 ¹
963 1390 1088 1475 recipie.
1186 1441 1187 1444 ,

218 1480 547 1562 oure.a.1'.30=245:
565 1496 663 1562 Aufer
680 1494 781 1561 istaec
801 1517 918 1580 quaeso
942 1501 1038 1579 atque
1055 1497 1115 1562 hdo
1137 1497 1291 1581 responde
1310 1497 1396 1580 qdud

962 1623 1056 1686 r⁰g⁰a
1561 1657 1562 1690 l

215 1706 342 1773 ubinon
352 1715 545 1775 estcurcum
553 1710 600 1775 Fl.
610 1716 764 1776 mutemus
779 1708 913 1793 „istaec“
925 1709 960 1803 in
972 1709 1070 1794 „ista“
1088 1714 1120 1773 et
1137 1714 1393 1796 transponamus:
1438 1749 1440 1754 .
1561 1729 1562 1788 j

216 1812 315 1879 Aufer
334 1835 451 1898 quaeso
467 1816 539 1883 ista.

224 1983 227 1988 .
276 1987 278 1992 ,
306 1916 1397 2008 Epid.2.2.40:Impluviatamutistaecfacimusvestimentisnomina.

141 2087 144 2091 ,
217 2027 264 2092 sic
281 2028 427 2111 Palatini,
446 2029 504 2098 sed
522 2030 636 2096 rectius
653 2030 682 2094 A
701 2050 772 2095 cum
791 2031 907 2094 Nonio:
926 2036 962 2094 ut
978 2029 1059 2121 istae
1076 2029 1204 2094 iaciunt.

228 2134 264 2222 Κ3,.
275 2135 305 2198 4.
318 2136 373 2199 73:
391 2136 475 2200 Pen'i
493 2136 604 2219 hercle,
623 2136 651 2201 si
668 2136 768 2201 istaec
785 2156 863 2201 vera
881 2142 962 2220 sunt,
980 2135 1181 2220 planissume.

215 2239 297 2305 Men.
316 2243 371 2307 94:
390 2242 440 2308 Ita
457 2241 558 2308 istaec
576 2243 668 2321 nimis
686 2241 896 2308 lenta‘vincla
918 2249 991 2309 sunt
1009 2243 1140 2310 escaria

297 2348 375 2412 375:
393 2348 491 2413 Dixin
510 2369 569 2433 ego
591 2349 691 2416 istaec
709 2349 759 2414 hic
778 2349 878 2415 solere
896 2349 975 2415 fieri:
994 2349 1070 2415 folia
1088 2368 1174 2413 nunc
1190 2348 1317 2415 cadunt.
1377 2429 1379 2432 Ι

297 2454 374 2520 625:
394 2454 578 2521 Clanculum
596 2462 628 2522 te
645 2455 744 2521 istaec
761 2454 886 2539 flagitia
903 2456 1010 2523 facere
1029 2455 1181 2521 censebas
1198 2455 1304 2539 potis?

297 2563 374 2631 719:
393 2563 466 2629 Non
485 2583 544 2646 ego
561 2563 662 2628 istaec
680 2567 735 2627 tua
752 2562 877 2646 flagitia
893 2584 1021 2648 possum
1042 2562 1173 2648 perpeti.

393 2671 477 2734 Nam
494 2669 568 2734 med
586 2675 724 2735 aetatem
741 2670 872 2735 viduam
888 2671 995 2736 vivere
1011 2670 1168 2751 mavelim,

297 2778 374 2841 721:
394 2775 498 2853 Quam
515 2777 615 2841 istaec
632 2773 755 2858 flagitia
772 2781 829 2842 tua
846 2777 922 2861 pati,
940 2797 1022 2859 quae
1040 2783 1074 2842 tu
1092 2776 1180 2842 lacis.

269 2904 297 2961 n
309 2883 371 2948 721
391 2881 573 2967 proscripsit
589 2881 786 2948 Ritschelius.
987 2940 991 2946 .
1018 2890 1020 2893 ’

297 2991 373 3055 733:
392 2991 460 3054 Iam
479 3009 538 3072 ego
557 2988 697 3073 aperiam
714 2988 814 3054 istaec
831 2994 887 3054 tua
904 2988 1035 3072 flagitia.

152 3122 155 3128 ·
214 3093 309 3160 Mero.
332 3097 407 3161 147:
426 3095 542 3161 Nescio
561 3115 621 3177 ego
639 3095 747 3161 istaec.

308 3288 311 3292 .
329 3204 394 3266 477
402 3225 408 3265 :
429 3200 543 3266 Omnia
557 3221 616 3284 ego
629 3199 729 3267 istaec
743 3202 922 3267 auscultavi
935 3203 976 3267 ab
991 3202 1082 3284 ostio;
1098 3223 1221 3268 omnem
1234 3223 1300 3268 rem
1315 3203 1389 3268 scio.

146 3365 148 3370 .
330 3306 394 3372 577
402 3330 409 3370 :
428 3307 500 3373 Scio
518 3308 572 3391 pol
590 3314 622 3373 te
639 3328 756 3392 amare,
775 3329 870 3391 quom
887 3309 987 3374 istaec
1005 3315 1237 3394 praemonstras
1255 3308 1340 3373 mihi.

261 3443 264 3449 v
331 3414 407 3477 764:
425 3413 538 3477 Palam
556 3399 656 3479 istaec
678 3414 758 3479 fiunt
775 3419 807 3479 te
824 3435 876 3480 me
895 3415 1007 3481 odisse.
1059 3475 1061 3477 ,

267 3518 330 3583 Mil.
350 3521 405 3584 31:
424 3520 505 3585 Nolo
523 3520 622 3587 istaec
639 3521 690 3584 hic
708 3540 799 3586 nunc.

296 3673 298 3677 ·
332 3609 408 3690 195:
426 3626 496 3708 Ego
513 3626 621 3711 istaec,
636 3626 668 3692 si
686 3627 745 3691 erit
762 3626 823 3712 hic,
841 3627 1001 3695 nuntiabo.

214 3730 304 3796 Most.
327 3732 405 3797 519:
425 3731 560 3809 Quicum
577 3733 677 3799 istaec
694 3732 843 3816 loquere?

330 3839 410 3904 961:
624 3838 702 3917 Quis
720 3838 821 3903 istaec
838 3839 997 3906 faciebat?
1162 3908 1164 3913 ,

330 3944 408 4009 965:
426 3944 549 4030 Edepol
570 3964 611 4011 ne
632 3964 684 4011 me
711 3945 777 4010 eius
800 3945 899 4030 patris
925 3946 1038 4013 misere
1055 3948 1193 4030 miseret,
1222 3946 1276 4030 qui
1295 3966 1389 4029 quom

958 4053 1059 4118 istaec
1076 4045 1172 4119 sciet

427 4159 530 4225 Facta
548 4158 601 4242 ita,
620 4158 763 4224 amburet
781 4158 811 4227 ei
828 4159 943 4225 misero
961 4161 1120 4226 corculum
1138 4158 1355 4227 carbunculus.
