3142 4925
766 374 809 439 86

206 569 293 615 sume
314 549 549 634 pessumdatam
571 551 615 618 ad
636 571 694 618 nos
711 551 905 637 pervenisse,
923 551 1092 618 admodum
1109 553 1300 636 mutilatam,
1319 550 1374 616 ad-

207 656 448 723 ditamentornm
457 658 590 743 plenam,
605 658 739 743 denique
754 658 896 725 omnibus
910 659 994 725 vitiis
1008 660 1163 744 refertam,
1175 658 1376 725 manifestum

206 770 266 838 est;
284 769 380 847 atque
402 764 520 849 primas
537 770 601 831 tres
624 785 745 848 scenas,
768 766 878 849 quales
896 786 955 831 nos
977 786 1032 832 eas
1050 766 1210 850 habemns,
1228 766 1374 831 Plautum

207 871 417 956 composuisse
434 892 561 957 prorsus
584 891 653 937 esse
674 871 859 938 incredibile
882 873 977 938 etiam
1000 873 1053 956 qui
1076 874 1176 939 obiter
1198 892 1253 938 eas
1276 871 1374 957 perle-

206 977 287 1061 gerit
300 976 395 1044 lacile
407 978 577 1064 intelleget,
595 999 694 1063 quare
707 1000 770 1045 non
783 979 948 1046 Plautinus
957 979 1077 1045 formae
1091 980 1211 1064 „istud‘
1230 999 1305 1044 usus
1320 998 1376 1062 per

205 1089 305 1150 totam
332 1106 460 1150 scenam
478 1122 530 1136 --
557 1086 613 1152 illa
641 1086 725 1151 euim
751 1086 908 1154 sententia
931 1087 1103 1152 communis
1129 1086 1224 1151 tacile
1247 1084 1375 1151 aliunde

206 1190 328 1258 desumi
346 1192 446 1277 potuit
464 1230 506 1239 ·-
524 1192 658 1259 fortasse
675 1192 750 1258 inde
770 1192 975 1278 explicandus
989 1198 1045 1277 est,
1064 1193 1148 1277 qnod
1164 1193 1295 1258 Plautus
1312 1211 1376 1255 non

207 1304 254 1365 est
272 1303 381 1364 auctor
400 1297 490 1365 huius
508 1318 632 1364 scenae.

293 1406 336 1470 At
358 1404 472 1470 dixerit
496 1405 665 1489 quispiam:
686 1405 748 1472 Gur
765 1407 895 1471 tandem
913 1406 1047 1472 formam
1064 1406 1184 1490 „istud“
1203 1405 1376 1489 exstirpare

206 1511 264 1589 vis,
283 1511 338 1594 qui
354 1510 439 1576 idem
449 1511 542 1595 ,iste“
557 1512 816 1596 et„istic“„ista“
826 1512 998 1597 et„istaec“
1008 1511 1110 1598 (fem.)
1121 1512 1290 1579 admittas?
1314 1513 1376 1577 Ta·

205 1637 279 1684 men
301 1617 469 1701 analogiae
491 1618 524 1683 in
549 1619 597 1685 his
620 1620 712 1685 rebus
735 1618 814 1684 nihil
830 1620 972 1704 probant,
995 1620 1070 1702 quia
1088 1619 1271 1704 saepissime
1293 1638 1375 1684 sum-

171 1766 173 1771 ·
206 1745 291 1790 mam
309 1724 438 1808 linguae
456 1725 700 1792 inconstantiam
718 1725 987 1810 deprehendimus,
1006 1747 1031 1793 e.
1042 1746 1067 1791 c.
1087 1725 1238 1792 habemus
1251 1725 1334 1809 „bis“
1344 1732 1376 1790 et

206 1831 337 1916 „hisce“,
354 1832 498 1916 „horum“
507 1837 538 1899 et
549 1832 710 1917 „horunc“,
723 1853 787 1898 non
796 1832 873 1916 ,Μ
882 1837 915 1897 et
927 1832 1051 1917 „haec“,
1069 1833 1126 1899 sed
1139 1833 1239 1899 solum
1248 1830 1374 1916 „haeo“;

158 2023 159 2027 Ἰ
206 1958 315 2004 verum
324 1939 408 2005 solus
417 1958 491 2006 usus
500 1940 714 2025 respiciendus
723 1945 778 2006 est.
801 1941 870 2005 Iam
878 1960 953 2005 vero
964 1960 1034 2005 cum
1044 1939 1130 2024 apud
1139 1939 1374 2005 Plautumnom.

208 2050 239 2110 et
257 2065 322 2110 acc.
341 2050 439 2112 neutr.
458 2046 537 2130 sing.
556 2046 682 2133 saepius
701 2053 796 2130 quam
818 2046 983 2112 trecenties
1001 2046 1210 2130 quinquagies
1232 2043 1374 2110 invenia-

207 2157 269 2236 tur,
291 2152 400 2219 sedin
418 2153 463 2220 eis
481 2138 660 2238 fabulis,in
683 2152 796 2236 quibus
815 2152 1069 2219 accuratissimas
1088 2152 1272 2239 optimorum
1291 2150 1374 2215 codi-

208 2279 279 2324 cum
296 2259 447 2326 habemus
465 2260 659 2346 collationes,
677 2279 740 2325 nno
758 2265 881 2325 tantum
899 2260 969 2327 loco
986 2259 1106 2344 „istud‘
1123 2260 1260 2343 legatur,
1272 2257 1311 2323 'in
1327 2277 1374 2321 re-

207 2364 301 2449 liquis
324 2366 411 2452 apud
432 2367 568 2435 Pareum
594 2367 744 2433 tredecim
771 2366 872 2452 locis,
889 2367 1073 2453 praesertim
1101 2386 1172 2432 oum
1198 2366 1232 2431 in
1259 2364 1374 2430 talibus

207 2473 301 2539 rebus
320 2473 413 2542 nimis
430 2476 575 2559 religiose
594 2475 738 2541 codicum
755 2474 917 2558 scripturis
934 2495 997 2541 non
1012 2475 1053 2540 sit
1065 2474 1280 2555 insistendum,
1297 2492 1375 2557 pau-

175 2582 182 2671 l
209 2580 339 2647 cissimis
358 2581 434 2647 locis
452 2582 572 2666 „istud‘
589 2583 736 2648 Plautum
755 2581 873 2647 dixisse
890 2582 975 2646 nullo
993 2581 1087 2647 modo
1110 2580 1258 2646 credibile
1274 2578 1377 2645 videri

178 2702 184 2759 ἑ
208 2692 324 2772 potest,
350 2688 411 2754 nisi
437 2689 518 2754 forte
543 2689 592 2754 his
609 2689 688 2754 locis
710 2688 852 2754 diversus
876 2709 896 2753 a
920 2688 1031 2753 ceteris
1054 2708 1129 2754 usus
1153 2685 1375 2770 conspiciatur;

186 2814 316 2875 ‚verum
335 2814 404 2862 oum
423 2795 499 2861 locis
518 2795 573 2879 qui
589 2796 700 2862 horum
717 2801 782 2861 tam
803 2795 918 2861 similes
929 2800 1018 2879 sunt,
1036 2800 1072 2859 ut
1090 2814 1192 2878 „aqua
1203 2786 1315 2876 'aquae
1336 2790 1376 2856 si-

187 2892 309 2967 imilior
336 2922 490 2969 essenon
517 2903 642 2988 possit“,
673 2902 788 2988 „istuc“
810 2885 1022 2986 inueniamus,
1048 2922 1154 2985 nemo,
1177 2899 1283 2982 credo,
1310 2897 1376 2982 erit,

185 3008 191 3055 ·'
209 3007 284 3091 quin
301 3009 362 3075 illis
379 3010 576 3094 paucissimis
594 3010 672 3077 locis
689 3010 785 3075 tidem
804 3009 957 3076 detrahat.

297 3332 457 3397 Postremo
466 3331 641 3418 particulae
649 3330 893 3416 interrogativae
907 3330 982 3415 „ne“
991 3329 1223 3415 pronominibus
1237 3327 1332 3413 „iste“
1347 3331 1377 3392 et

209 3438 298 3523 ,ille“
325 3439 471 3505 adnexae
498 3440 643 3525 exempla
679 3459 845 3524 compono:
881 3438 1027 3505 istucine:
1063 3438 1155 3502 nuo.
1173 3438 1204 3500 2.
1226 3437 1254 3500 7.
1271 3434 1316 3499 45
1334 3470 1403 3514 -,

211 3545 319 3630 (Mem.
335 3545 414 3630 620)
436 3584 477 3593 -
496 3546 627 3612 istocine
644 3553 752 3631 pacto:
774 3546 825 3611 Ps.
840 3546 883 3611 83
903 3582 945 3591 -
963 3544 1095 3610 istacine
1114 3563 1225 3610 causa:
1247 3543 1297 3608 Ps.
1312 3540 1375 3606 847

211 3690 253 3699 -
264 3672 335 3717 curn
348 3652 482 3740 istocine
499 3659 531 3718 te
550 3653 704 3719 oratione:
720 3654 790 3718 Aul.
801 3654 830 3717 4.
843 3654 892 3717 10.
905 3653 946 3716 16
966 3688 1008 3697 -·
1026 3651 1150 3717 isticine
1165 3648 1279 3735 (adv.):
1297 3645 1377 3713 Rud.

213 3762 240 3824 1.
251 3761 280 3825 2.
290 3759 441 3826 22=110
454 3798 496 3808 -—
510 3762 665 3827 istosciae:
682 3761 767 3827 Asin.
778 3760 807 3824 5.
818 3761 847 3824 2.
857 3759 1020 3849 82ss9323
1039 3762 1071 3823 et
1089 3757 1175 3843 apud
1183 3754 1377 3821 Terentium:

211 3866 358 3933 istucine:
377 3867 536 3932 Ennbl.
550 3870 591 3933 14
610 3904 652 3914 -
670 3866 803 3932 istocine
820 3870 929 3950 pacto:
947 3864 1006 3929 Ad.
1016 3867 1046 3928 4.
1058 3866 1086 3931 7.
1100 3865 1149 3928 14.

210 3974 326 4039 illicine
336 3971 459 4061 (nom.):
478 3975 528 4043 Ps.
538 3975 618 4056 9543
631 3973 687 4040 sed
701 3973 841 4039 illamne:
859 3972 953 4038 Merc.
964 3973 1038 4055 203,
1053 3976 1085 4035 et
1098 3970 1185 4055 apud
1197 3966 1378 4034 Terentium

210 4081 338 4147 ildoino:
357 4081 470 4146 Heaut.
482 4083 508 4151 1.
519 4082 548 4145 2.
558 4081 607 4145 25.
621 4080 729 4165 (illene
746 4079 849 4165 mss),
867 4078 938 4145 sed:
955 4077 1096 4142 illumne:
1113 4077 1193 4141 Eun.
1203 4078 1232 4140 2.
1243 4077 1271 4140 3.
1283 4077 1325 4141 65
1335 4112 1377 4121 -

75 4222 77 4227 ·
211 4188 241 4254 5.
251 4189 280 4254 8.
293 4188 347 4274 153
364 4187 512 4257 notabilis
530 4193 579 4254 est
595 4186 696 4254 forma
713 4185 897 4315 ,illancind
914 4184 1107 4251 Heautbb.
1118 4185 1147 4251 3.
