3142 4925
276 1444 453 1513 Formae
481 1442 660 1525 pluralis
686 1444 853 1513 numeri
879 1445 1138 1527 pronominis
1166 1447 1247 1517 hie.

708 1655 814 1665 ..—

179 1786 267 1900 Cum
284 1835 318 1900 in
336 1834 451 1903 fabulis
469 1835 623 1902 Plautinis
640 1841 766 1922 praeter
783 1835 899 1902 formas
922 1835 981 1920 „hi
1004 1835 1073 1921 hae,
1092 1836 1209 1922 horum,
1227 1837 1346 1921 harum,

176 1942 233 2026 his,
251 1942 316 2027 hos,
334 1942 411 2009 has“
430 1943 526 2009 etiam
538 1963 693 2030 persaepe
707 1941 827 2009 formae
845 1943 958 2029 ‚,hisoe‚
976 1944 1064 2028 haee,
1078 1944 1205 2030 horuno,
1219 1944 1347 2029 hamno,

176 2048 274 2136 hisee,
293 2052 402 2136 hosoe,
424 2051 536 2117 hasee“
558 2050 770 2136 inveniantur;
788 2057 892 2117 utrum
915 2051 1042 2117 differat
1058 2072 1134 2117 usus
1153 2052 1346 2118 diversarum

53 2205 56 2216 ,
175 2159 354 2237 formarum,
373 2180 423 2244 an,
441 2165 616 2245 ponatume
630 2179 672 2225 an
691 2158 853 2223 omittatur
863 2179 899 2224 oe
912 2158 963 2223 vel
973 2178 999 2243 o,
1017 2154 1091 2224 nihil
1108 2159 1235 2243 intersit,
1255 2179 1346 2224 aoou-

176 2272 244 2332 rate
263 2271 434 2351 quaeratur
455 2286 585 2332 neeesse
609 2272 664 2332 est
709 2265 813 2350 Atque
830 2264 1018 2331 Ritsohelius
1041 2266 1181 2352 quidem,
1209 2266 1347 2332 omnium

175 2374 228 2439 ille
256 2379 287 2439 et
314 2374 367 2458 qui
394 2393 479 2439 nuno
501 2372 610 2440 vivunt
638 2379 669 2439 et
696 2372 750 2456 qui
776 2393 926 2457 umquam
948 2372 1095 2439 vixerunt
1120 2373 1346 2459 philologorum

175 2481 313 2547 Plautini
336 2481 486 2548 sermonis
507 2482 727 2567 peritissimus,
753 2482 787 2547 in
805 2481 1049 2567 prolegomenon
1071 2481 1114 2547 ad
1132 2482 1347 2547 'ltinummum

176 2590 294 2676 (1849)
315 2589 419 2676 eapite
436 2594 526 2655 sexto
544 2610 573 2674 p.
588 2589 691 2655 LXIV
709 2588 793 2653 hano
809 2593 1013 2674 proposuerat
1031 2589 1237 2654 sententiam:
1249 2589 1347 2673 „Cum

174 2694 232 2782 pe'r
248 2714 284 2763 se
300 2696 378 2762 nihil
395 2695 535 2781 profecto
552 2694 683 2782 intersit,
701 2695 749 2761 his
768 2696 899 2762 aedibus
915 2717 957 2760 an
969 2695 1056 2761 hisee
1070 2696 1202 2762 aedibus
1215 2697 1346 2781 legatur,

175 2826 204 2869 v.
225 2805 286 2869 177
295 2854 303 2889 ,
323 2804 402 2888 293,
419 2804 486 2868 402
504 2824 567 2869 uno
585 2803 614 2867 A
633 2803 714 2869 duoe
735 2803 844 2889 primis
867 2803 990 2869 duobus
1007 2803 1147 2869 versibus
1170 2803 1260 2888 illud,
1288 2803 1347 2868 hoo

177 2908 391 2997 recipiendum
413 2910 473 2976 luit
498 2909 602 2996 tertio,
631 2916 741 2976 eontra
762 2910 923 2976 Palatinos
946 2911 1138 2995 utrumque.“
1185 2909 1280 2976 Cuius
1302 2911 1359 2976 iu-·

162 3017 252 3084 'dieii
284 3017 418 3103 priorem
450 3023 572 3103 partem
604 3038 795 3102 quamquam
826 3018 1025 3102 impugnavit
1051 3018 1289 3101 Fleokeisenus,
1317 3023 1348 3083 et

175 3125 364 3192 Ritsohelius
379 3124 448 3209 ipse
461 3146 545 3190 nuno
558 3126 623 3190 iam
641 3143 704 3190 non
721 3145 848 3209 prorsus
861 3125 996 3209 probare
1013 3125 1144 3211 videtur,
1163 3130 1268 3191 tamen
1288 3125 1343 3191 du·

40 3254 45 3257 ·
176 3232 303 3317 plioium
316 3231 486 3298 formarum
499 3233 563 3298 vim
576 3252 616 3298 ao
629 3232 782 3298 rationem
797 3231 1075 3298 demonstrativam
1089 3254 1158 3299 esse
1166 3234 1261 3318 plane
1271 3253 1344 3296 ean-

105 3371 111 3386 *
177 3339 256 3424 dem,
269 3359 371 3423 neque
384 3358 442 3424 per
455 3358 490 3404 se
504 3340 672 3425 quiequam
686 3340 873 3407 discriminis
882 3338 963 3406 inter
976 3341 1059 3425 „his“
1069 3347 1100 3407 et
1108 3341 1238 3427 „hisoe“,
1252 3339 1344 3426 „has“

178 3451 208 3511 et
217 3444 348 3530 „hasoe“
356 3445 560 3531 intercedere,
569 3446 652 3512 intra
666 3448 838 3514 ostendam.
867 3448 932 3514 Sed
941 3449 1025 3533 quod
1034 3448 1221 3515 Ritsohelius
1232 3454 1346 3534 oenset,

176 3548 204 3618 si
226 3551 259 3617 in
278 3551 326 3618 his
344 3551 451 3620 formis
469 3553 550 3619 inter
573 3574 607 3619 se
628 3575 691 3620 non
710 3555 907 3622 eonsentiant
926 3555 1059 3639 oodiees‚
1078 3575 1201 3641 semper
1218 3576 1272 3621 eas
1287 3555 1347 3620 for-

176 3680 254 3745 mas,
273 3678 355 3744 quae
372 3659 622 3726 inAmbrosiano
640 3658 718 3727 libro
736 3663 891 3746 legantur,
909 3662 1116 3748 reeipiendas,
1133 3663 1348 3728 Palatinorum

177 3766 326 3832 lectiones
349 3769 556 3854 spernendas,
582 3770 681 3835 multo
703 3769 855 3835 maiorem
877 3789 972 3854 quam
994 3790 1053 3854 par
1075 3775 1123 3835 est
1145 3770 1350 3836 Ambrosiano

177 3873 286 3939 tribuit
304 3873 533 3940 auotoritatem,
561 3877 597 3942 In
615 3876 796 3945 universum
814 3876 941 3961 quidem
958 3877 1089 3942 multum
1107 3877 1205 3960 abest
1223 3882 1267 3961 ut,
1285 3877 1352 3942 ubi-

179 4000 303 4064 eunque
326 3980 471 4046 oodioum
493 3982 645 4049 leotiones
668 3983 806 4069 variant,
834 4004 874 4050 ea
896 3989 979 4068 quae
1000 3984 1034 4049 in
1055 3984 1209 4050 Palatinis
1235 3984 1353 4050 tradita

179 4081 252 4153 sunt
269 4106 393 4172 semper
412 4109 490 4174 prae
507 4089 709 4157 ambrosiani
731 4091 850 4157 oodiois
873 4090 1061 4157 auctoritate
1082 4091 1209 4175 neglegi
1230 4091 1352 4172 iubeat;
1411 4161 1413 4164 ,

179 4195 236 4260 sed
255 4195 300 4261 eis
318 4194 395 4261 loeis
404 4196 518 4279 quibus
533 4217 590 4281 per
604 4216 638 4264 se
657 4197 733 4263 nihil
747 4203 803 4281 est,
822 4219 876 4264 eur
889 4199 1022 4265 alteram
1036 4197 1125 4263 alteri
1135 4198 1349 4282 praeferamus
