3142 4925
749 378 789 441 17

164 555 323 640 ‚incipiat
341 561 373 619 et
389 554 455 617 illic
474 553 527 618 uhi
543 552 696 627 „aedibus
711 554 820 619 aedis‘
837 553 980 618 seiuncta
998 560 1071 618 sunt
1090 573 1110 616 a
1124 552 1358 636 pronominibus

183 661 271 727 vocis
288 681 459 746 pronomen
478 660 664 744 excipientis
677 659 780 743 prima
793 660 898 724 littera
912 679 982 724 esse
995 660 1095 725 soleat
1113 660 1241 743 vocalis,
1261 664 1359 743 patet,

184 788 240 832 cur
258 767 345 852 apud
366 766 475 843 „aedis
493 766 645 832 aedibus⁴‘
665 766 786 831 1511555
810 765 919 856 „hisce
941 766 1070 849 hasce,“
1101 766 1188 849 apud
1215 765 1359 842 „tabellis

183 873 337 946 tabellas“
357 874 478 937 termae
499 873 566 950 „his
585 871 663 938 has“
686 873 802 938 alteras
820 890 949 963 numero
968 873 1061 954 longe
1080 877 1237 955 superent.
1275 873 1359 936 Nam

183 980 407 1063 perlustramus
425 978 518 1044 modo
536 979 635 1074 locos:
658 979 734 1055 „His
749 977 892 1043 tabellis“
908 978 994 1043 nullo
1007 978 1162 1043 vocabulo
1176 978 1359 1061 interposito

183 1084 354 1150 invenitur:
374 1085 462 1151 (iuro.
481 1087 511 1150 4.
523 1088 551 1151 3.
564 1085 739 1168 19=5513
758 1085 834 1168 „has
851 1084 1004 1150 tabellas“
1021 1085 1136 1149 Bacch.
1156 1085 1230 1149 935.
1269 1085 1358 1149 (lure.

185 1192 389 1257 342π412.
408 1193 702 1257 Persa195-544.
721 1193 771 1258 Ps.
783 1194 835 1275 20,
845 1191 1093 1275 55551151,,1155“
1105 1211 1168 1256 vox
1180 1191 1358 1274 ‚‚peMego“:

184 1298 301 1362 Bacch.
320 1299 506 1364 986-988.
542 1299 641 1365 Persa
657 1300 733 1382 497,
757 1299 809 1363 vel
827 1298 915 1363 aliud
933 1297 1122 1363 vocabulum
1141 1297 1226 1379 quod
1249 1317 1269 1362 a
1288 1316 1360 1361 con-

185 1404 309 1469 sonanti
328 1404 451 1471 initium
473 1404 581 1471 habet:
609 1405 724 1470 Bacch.
743 1406 823 1469 984:
851 1403 909 1470 has
928 1404 1024 1487 dedit,
1043 1404 1094 1469 Ps.
1114 1402 1157 1468 25
1177 1405 1282 1468 513οε
1302 1403 1359 1469 has

185 1511 321 1595 quidem,
335 1513 521 1580 Persa-247:
539 1512 597 1596 has
607 1511 682 1594 iero,
697 1511 903 1576 Β55511.728;
922 1531 1002 1594 cape
1017 1510 1075 1575 has
1089 1509 1159 1593 tihi;
1177 1530 1287 1575 verum
1296 1530 1364 1576 uno

185 1618 329 1702 exemplo
347 1619 402 1684 ubi
419 1601 559 1702 sequitui
571 1617 691 1684 vocalis
709 1618 760 1685 vel
778 1617 800 1681 h
817 1618 915 1683 Persa
928 1618 1007 1682 529;
1030 1615 1145 1692 „hasce
1158 1617 1220 1681 huc
1234 1618 1356 1681 attulit“

184 1724 893 1809 1“51155,,115555“55555151151;5135555787
905 1724 1069 1790 hahemus:
1088 1724 1181 1788 Nunc
1199 1723 1295 1788 hasce
1313 1729 1360 1787 ta-

128 1915 141 1921 ,
185 1831 283 1896 bellas
296 1831 378 1897 ferre
391 1851 442 1897 me
454 1830 546 1921 iussit
559 1830 630 1914 tibi;
643 1830 700 1896 sed
714 1830 878 1895 confirmat
891 1830 993 1913 magis
1008 1850 1103 1913 quam
1117 1829 1259 1911 infringit
1268 1849 1360 1911 regu-

185 1938 250 2001 lam
263 1938 313 2006 hio
326 1938 422 2021 locus,
436 1957 506 2003 cum
524 1937 640 2015 „hasce
657 1937 807 2003 :abellas“
820 1937 935 2001 ialsum
949 1955 1019 2001 esse
1031 1936 1096 2000 iam
1110 1935 1259 2002 metricae
1272 1936 1359 2017 leges

186 2044 341 2110 evincant.
369 2045 416 2108 Ac
425 2062 552 2128 prorsus
566 2043 678 2110 cadem
691 2044 773 2109 ratio
788 2050 836 2109 est
849 2043 1020 2108 formarum
1029 2042 1122 2125 „has“
1133 2048 1164 2106 et
1177 2042 1308 2125 „hasce“
1317 2040 1360 2105 ad

185 2151 336 2236 epistulas
366 2148 550 2232 relatarum
591 2150 706 2233 legitur
736 2150 822 2215 Trio.
855 2150 934 2214 848:
969 2149 1066 2213 hasce
1103 2148 1266 2232 epistulas,
1302 2146 1360 2210 sed

185 2257 270 2323 Trin
299 2258 377 2323 874:
405 2256 462 2322 has
488 2255 565 2320 mihi
592 2255 682 2321 dedit
709 2256 874 2341 epistulas,
902 2256 981 2320 894:
1010 2254 1177 2319 dedithas
1201 2254 1281 2318 duas
1315 2251 1359 2317 mi

184 2363 346 2448 epistulas,
364 2364 443 2427 949:
461 2363 518 2427 has
538 2361 660 2427 deferre
679 2363 839 2446 epistulae.
868 2363 980 2444 Neque
998 2361 1090 2425 ahter
1107 2380 1158 2425 res
1177 2379 1247 2426 sese
1264 2359 1359 2423 hahet

185 2470 231 2535 eis
254 2470 331 2535 locis
349 2470 461 2555 quibus
479 2462 578 2553 apud:
600 2470 761 2553 „aedibus
784 2469 893 2534 aedis“
920 2468 1019 2533 dativi
1037 2469 1088 2534 vel
1102 2465 1276 2555 accusatiui
1290 2485 1360 2549 pro·

184 2576 319 2641 nominis
337 2575 388 2640 hic
405 2575 500 2660 positi
518 2581 602 2658 sunt:
621 2575 801 2659 ubicunque
819 2575 953 2641 enimin
971 2573 1132 2640 codicibus
1149 2579 1221 2639 sunt
1239 2572 1359 2636 formae

185 2682 288 2766 „hisce
315 2682 442 2765 hasce“,
474 2680 613 2764 sequitur
640 2683 759 2748 vocalis
793 2681 853 2767 (sic
885 2680 1050 2747 brevitatis
1078 2700 1175 2745 causa
1202 2676 1360 2743 interdum

186 2789 267 2873 dico,
286 2808 357 2859 cum
375 2787 555 2853 accuratius
573 2788 743 2854 dicendum
761 2789 815 2853 sit:
838 2809 901 2854 vox
920 2809 940 2852 a
958 2788 1062 2854 vocali
1079 2786 1169 2851 velh
1192 2785 1296 2850 littera
1313 2783 1359 2848 in-

186 2894 333 2982 cipiens):
360 2895 447 2960 hisce
469 2894 614 2963 aedibus:
642 2894 726 2960 Trin.
749 2896 825 2979 150,
852 2898 929 2979 177,
952 2896 1027 2959 402.
1071 2893 1154 2957 Most
1177 2892 1256 2974 502,
1284 2892 1359 2955 951.

185 3000 280 3066 Mero.
300 3000 373 3066 799.
420 3000 494 3066 cist.
518 3003 547 3065 2.
558 3002 619 3066 34
639 3038 680 3047 -
704 3001 801 3066 hasce
823 3001 926 3067 aedis:
952 2998 1065 3083 Amph.
1087 2997 1359 3064 1.1.194=350.

185 3107 272 3174 Asin.
291 3109 520 3173 2.3.1==381.
558 3107 630 3172 Cist.
657 3107 744 3191 apud
771 3106 1035 3173 Studemundium
1062 3104 1183 3169 emend
1220 3103 1356 3167 Plautin.

185 3235 216 3298 p.
238 3215 278 3279 13
298 3220 330 3279 et
346 3235 377 3299 p.
399 3215 448 3279 14.
476 3213 667 3278 11551053.
692 3212 776 3278 Most
792 3216 867 3298 403,
885 3215 961 3296 470,
980 3213 1054 3295 547,
1074 3212 1148 3294 753,
1167 3211 1241 3293 843,
1262 3211 1359 3292 1082,

176 3320 283 3386 1085.
328 3321 416 3386 Poen
437 3322 464 3384 1.
475 3321 504 3384 3.
516 3322 549 3402 33
568 3319 655 3386 hisce
672 3319 705 3384 in
723 3319 871 3386 aedibus:
889 3320 971 3385 Most
989 3319 1063 3382 950.
1100 3316 1203 3382 Vidul.
1217 3318 1256 3380 II.
1276 3318 1297 3381 3
1317 3353 1351 3362 -

185 3428 220 3491 in
242 3426 328 3492 hisce
350 3426 473 3492 habitat
495 3424 752 3491 aedibus:Trin.
774 3428 815 3490 12
839 3463 881 3473 --
904 3427 1001 3490 hasce
1026 3423 1099 3489 cmi:
1128 3423 1212 3487 Trin.
1234 3425 1295 3487 181
1318 3459 1359 3468 -

186 3533 307 3600 venalis
325 3533 420 3598 hasce
438 3532 582 3597 inscribit
593 3531 715 3597 litteris:
734 3523 820 3596 T'rin.
838 3533 901 3598 168
917 3531 1069 3595 ——hasce
1085 3550 1153 3594 esse
1167 3529 1256 3594 aedis
1271 3527 1360 3592 dicas

188 3639 301 3705 dotalis
318 3645 403 3705 tuas:
431 3638 494 3703 Mil.
515 3640 602 3704 1166
622 3674 664 3684 —-
683 3637 780 3703 hasce
799 3658 859 3724 ego
878 3637 968 3730 aedis
991 3636 1168 3702 occludam:
1186 3635 1276 3700 Most.
1294 3635 1361 3699 405

188 3782 230 3795 --
240 3746 421 3812 laudavisse
430 3746 526 3811 hasce
535 3746 581 3810 ait
591 3745 845 3810 architectonem:
859 3745 949 3809 Most.
962 3746 980 3809 7
984 3745 1027 3809 60
1042 3780 1084 3790 -·
1093 3743 1198 3808 hasce.
1225 3740 1362 3824 Ecquid:

187 3853 277 3918 Most.
291 3853 357 3916 906
372 3889 414 3899 -
428 3852 469 3919 de
488 3852 609 3918 duobus
627 3853 704 3922 locis
723 3852 836 3935 quibus
854 3851 990 3916 nuncin
1008 3850 1094 3914 libris
1113 3848 1230 3913 formas
1248 3847 1362 3930 „hasce

186 3959 291 4025 hisce‘
309 3959 449 4043 sequitur
468 3978 644 4023 consonans
662 3958 751 4023 Most.
772 3960 836 4022 796
857 3964 888 4023 51
906 3959 997 4022 Tunc.
1017 3958 1046 4022 2.
1063 3958 1092 4020 8.
1107 3957 1137 4039 8,
1160 3974 1238 4036 quos
1261 3973 1364 4017 corru-

186 4072 258 4151 ptos
269 4086 337 4132 esse
347 4066 529 4131 iamversus
539 4064 668 4148 indicat,
682 4064 756 4129 vide
765 4064 861 4132 iniria
875 4083 983 4129 verum
999 4070 1156 4129 certorum
1170 4079 1253 4143 quae
1267 4078 1364 4141 supra

188 4171 279 4237 attuli
297 4172 417 4237 formae
440 4172 536 4248 ‚‚has“
554 4170 767 4255 exemplorum
780 4170 940 4256 proprium
955 4177 1011 4253 est,
1030 4169 1115 4252 quod
1133 4165 1274 4249 sequitur
1293 4183 1366 4227 con-

747 4293 751 4308 ,
1135 4273 1150 4309 s)
