3142 4925
767 329 857 438 ¹ss

249 547 282 610 in
292 546 404 629 quibus
413 567 476 611 non
490 547 551 612 duo
564 546 890 633 habemusvooabula,
909 549 988 632 „hae
1001 549 1049 614 his
1059 549 1135 614 hos“
1145 556 1176 614 et
1185 550 1269 635 „ne“,
1282 550 1340 615 sed
1355 571 1422 634 pro-

249 672 363 718 nomen
378 651 464 736 „hic“
478 674 549 718 cum
562 655 719 737 particula
726 656 976 738 interrogatiava
989 656 1065 739 „ne“
1078 657 1111 720 in
1125 678 1222 720 ararum
1234 657 1423 721 vocabulum

250 759 336 843 coiit,
355 760 481 825 omnino
499 780 562 824 non
581 760 726 844 dixerim,
746 762 795 827 sin
812 764 869 827 Dz.
889 762 994 827 dicere
1012 762 1079 828 vult
1101 763 1235 827 formam
1253 760 1425 846 „haecine“

251 867 464 932 demonstrare
483 867 579 931 etiam
598 873 671 931 ante
688 869 845 935 vocabula
863 889 994 953 quorum
1007 869 1109 953 prima
1126 870 1231 935 littera
1250 875 1298 934 est
1316 888 1424 933 conso-

250 993 330 1038 nans
349 972 464 1057 „haee“
486 973 668 1037 Terentium
690 975 832 1057 posuisse
852 1014 893 1022 —
917 996 999 1058 quae
1021 975 1146 1040 videtur
1173 975 1240 1041 eius
1268 975 1425 1042 sententia

252 1100 320 1145 esse
331 1116 372 1126 ψ
383 1085 492 1163 aperte
505 1085 597 1163 errat,
615 1101 690 1144 nam
708 1081 843 1163 primum
861 1081 988 1164 quidem
1001 1082 1034 1146 in
1052 1081 1155 1146 forma
1173 1081 1342 1165 „haecine“
1360 1101 1424 1146 non

251 1184 560 1270 „haee“sed„haeci“
573 1186 593 1251 i.
605 1206 629 1250 e.
640 1186 774 1269 „haece“
782 1188 946 1271 praecedit
956 1194 1188 1273 consonantem,
1202 1188 1336 1272 „haece“
1348 1208 1424 1252 vero

252 1298 326 1358 ante
344 1292 499 1357 vocabula
518 1312 603 1374 quae
618 1293 741 1358 initium
765 1294 894 1377 capiunt
912 1315 933 1358 a
952 1295 1137 1359 consonanti
1160 1296 1341 1360 Terentium
1360 1315 1426 1359 um-

253 1421 348 1484 quam
366 1418 536 1482 usurpasse
558 1420 650 1464 nemo
669 1399 828 1465 affirmare
846 1401 972 1484 poterit;
1001 1402 1116 1466 deinde
1139 1402 1249 1467 eodem
1272 1402 1367 1467 modo
1386 1420 1426 1465 ex

253 1506 361 1571 formis
379 1505 538 1590 „hoscine,
565 1505 704 1571 hiscine“
722 1507 752 1572 ei
781 1506 1031 1572 concludendum
1055 1514 1114 1591 est,
1133 1508 1331 1591 „Terentium
1354 1512 1428 1571 ante

253 1632 347 1677 voees
366 1632 448 1694 quae
466 1612 620 1696 incipiunt
640 1634 660 1676 a
679 1614 864 1678 consonanti
885 1614 1010 1697 „hosca
1027 1614 1131 1679 hisce“
1153 1614 1324 1699 scripsisse,
1343 1612 1428 1697 quod

252 1719 419 1784 manifesto
437 1718 559 1783 falsum
571 1724 626 1784 est.
647 1757 688 1766 -
708 1719 812 1797 Quam
825 1720 865 1786 ob
884 1740 1013 1785 causam
1032 1726 1138 1786 autem
1154 1721 1188 1785 in
1206 1721 1335 1804 „hicine
1353 1719 1428 1783 hae-

255 1826 334 1907 cine,
356 1825 486 1908 hiscine,
505 1826 635 1892 hascine
654 1827 730 1890 eet.“
748 1826 862 1911 plenae
880 1827 1001 1892 formae
1024 1832 1168 1892 servatae
1186 1815 1255 1908 sint,
1274 1831 1376 1909 patet3
1388 1825 1427 1902 in

254 1932 359 1997 medio
383 1931 466 1996 enim
494 1932 648 1997 vocabulo
674 1933 794 1999 vocalis
816 1954 836 1998 e
859 1933 909 1998 vel
931 1934 943 1997 i
965 1933 1183 1998 exturbandae
1214 1933 1309 2015 plane
1341 1931 1428 1996 nulla

256 2044 325 2104 crat
343 2037 485 2123 causa1).

736 2193 948 2201 m

344 2322 490 2404 Denique
517 2322 557 2413 de
584 2323 685 2388 forma
716 2323 883 2399 „huiusce“
913 2344 1018 2409 pauca
1045 2324 1163 2389 addere
1190 2324 1270 2388 volo.
1321 2323 1430 2388 Mffller

209 2507 212 2513 ¹
257 2429 442 2512 Nachtrdge
458 2429 530 2513 130,
544 2429 598 2513 qui
611 2428 784 2496 rectissime
798 2430 914 2497 formas
922 2431 1033 2515 „huice
1040 2431 1077 2516 2),
1087 2430 1197 2515 hunce,
1215 2430 1325 2514 hance,
1344 2429 1430 2513 hone,

256 2539 346 2620 hace,
355 2536 649 2619 haecd‘damnavit,
660 2536 794 2601 formam
803 2537 1299 2621 „huiusoe“damnareven'tusest
1308 2536 1349 2601 oh
1360 2557 1430 2601 cam

257 2642 452 2728 potissimum
462 2662 600 2726 causam,
610 2642 694 2724 quod
703 2642 763 2707 hau
772 2644 873 2708 forma
883 2644 987 2709 hiatus
1000 2643 1157 2708 interdum
1166 2642 1233 2707 tolli
1246 2648 1357 2726 potest,
1382 2644 1431 2707 ln-

258 2751 381 2815 venitur
391 2754 496 2813 autem
506 2746 781 2832 ihrma'„huiusce“
790 2751 823 2814 in
832 2750 918 2815 libris
929 2770 991 2814 uno
1001 2751 1067 2814 solo
1077 2749 1307 2831 locoinviginti
1316 2748 1431 2814 fabulis

258 2856 413 2921 Plautinis
431 2856 524 2919 Poen.
540 2855 569 2919 5.
584 2857 613 2919 4.
629 2857 681 2938 87,
699 2862 864 2940 praeterea
883 2857 972 2942 Capt.
991 2857 1067 2942 prol.
1089 2859 1130 2920 10
1149 2875 1242 2938 quem
1259 2856 1363 2920 locum
1381 2855 1431 2919 hie

258 2963 387 3028 missum
401 2962 507 3027 facere
518 2982 654 3045 possum,
664 2982 727 3026 non
740 2963 825 3044 quod
839 2968 923 3027 recte
938 2964 978 3028 ab
993 2962 1163 3027 editoribus
1176 2961 1304 3045 „huius“
1317 2981 1431 3045 suppo·
1487 3046 1490 3051 γ

259 3070 353 3134 situm
372 3088 441 3133 esse
461 3088 619 3150 censeam,
647 3068 703 3133 sed
726 3069 802 3150 quia
824 3069 972 3153 prologus
995 3089 1058 3133 non
1080 3075 1127 3133 est
1149 3068 1322 3132 Plautinus.
1368 3066 1432 3131 Sed

259 3182 430 3257 antequam
453 3174 494 3238 de
514 3174 568 3238 illo
591 3174 685 3238 unico
712 3175 781 3240 loco
805 3175 984 3240 accuratius
1006 3194 1109 3239 meam
1132 3172 1319 3238 sententiam
1338 3193 1431 3257 expo

258 3302 343 3365 nam,
360 3281 436 3346 mihi
453 3280 529 3344 libet
548 3299 601 3343 eos
618 3280 704 3344 locos
723 3300 917 3363 percensere,
937 3281 1048 3362 quibus
1066 3281 1234 3356 „huiusce“
1248 3280 1289 3343 ab
1309 3277 1431 3343 editori-

259 3390 317 3454 bus
336 3388 449 3452 Plauto
473 3386 648 3450 obstrusum
667 3391 721 3449 est.
768 3386 936 3451 Muellerus
955 3386 974 3448 l.
994 3407 1019 3450 c.
1039 3377 1094 3451 hos
1113 3386 1212 3468 affert,
1231 3384 1344 3468 quihus
1363 3404 1432 3448 oon·

259 3495 380 3559 iectura
396 3490 561 3576 „huiusoe“
578 3491 612 3555 in
630 3491 776 3555 Plautum
796 3498 851 3556 aut
869 3492 989 3556 illatum
1008 3499 1056 3556 est
1075 3498 1130 3556 aut
1148 3491 1255 3556 inferri
1273 3496 1388 3574 potest:

259 3599 370 3682 Amph.
380 3598 457 3682 prol.
468 3599 524 3661 96:
543 3599 628 3662 Dum
642 3594 798 3683 huius[ce]
818 3603 1036 3680 argumentum
1051 3599 1180 3680 eloquar
1198 3596 1388 3661 comoediae.

306 3704 367 3787 (Fi.
387 3709 605 3787 argumentum
622 3703 729 3788 huius)

351 3915 373 3982 ¹)
393 3913 529 3969 Similiter
548 3913 700 3980 „hocedie“
720 3914 839 3968 Plautus
859 3914 1004 3968 etiamtum
1024 3914 1109 3983 dixit,
1137 3929 1307 3983 quamquam
1327 3914 1431 3980 „hoee“

259 4002 315 4056 iarn
334 4018 485 4072 numquam
503 4002 659 4071 usurpavit.

350 4091 374 4160 ⁹)
394 4092 465 4145 Num
479 4091 630 4145 Muellerus
650 4097 727 4146 recte
746 4091 896 4159 negaverit
911 4090 1009 4156 ,huis‘
1025 4090 1170 4163 et·„quoi“
1190 4088 1301 4144 duabus
1315 4091 1433 4161 syllabis

259 4179 438 4257 pronuntiari
456 4194 551 4253 posse,
571 4180 696 4237 dubitari
714 4183 818 4249 potest.
