3142 4925
752 360 792 422 11

187 539 324 608 tionibus
346 537 554 622 pauninus,
580 536 772 622 transposuit
795 536 878 603 enim
900 532 1057 623 „has[ee]“
1079 541 1153 601 ante
1174 534 1304 620 „bodie“
1325 541 1357 601 et

188 645 313 714 addidit
330 644 439 729 „bine“
456 650 528 730 post
545 644 685 729 „aedis“:

233 754 346 836 Neque
364 771 423 835 ego
441 751 524 820 hunc
541 751 697 826 homiuem
714 748 836 838 bauco]
854 750 950 818 bodie
971 751 1015 816 ad
1033 750 1122 816 nodis
1140 745 1237 837 [bino]
1255 749 1356 816 unam

931 876 1080 942 umquam
1102 856 1263 924 amouere.

276 965 389 1050 Neque
403 965 457 1030 alii
470 966 533 1030 loci
546 964 662 1030 desunt
680 963 792 1049 quibus
810 965 871 1031 nisi
889 965 954 1030 vim
972 964 1131 1034 afferimus
1144 963 1275 1030 formam
1296 969 1356 1027 tra·

187 1072 287 1139 ditum
308 1071 402 1156 ,bod
420 1091 580 1139 removere
597 1091 661 1137 non
678 1091 855 1158 possumus:

188 1180 278 1244 Most
291 1180 370 1246 480:
388 1180 452 1246 Iste
468 1185 504 1245 ut
521 1198 582 1261 ego
599 1177 709 1263 opinor
727 1179 780 1263 qui
797 1179 855 1244 tuo
873 1179 929 1244 tibi
947 1179 1037 1246 aedis
1054 1177 1198 1246 vendidit

287 1287 365 1351 7602
383 1286 467 1353 Nam
484 1284 544 1351 sibi
561 1285 744 1354 laudavisse
761 1286 857 1352 hasce
875 1285 921 1351 ait
938 1286 1179 1352 mohiteotonem
1312 1293 1314 1299 '

283 1431 286 1446 ·
387 1392 503 1458 Nescio
521 1411 614 1476 quem
633 1411 701 1458 esse
719 1392 904 1459 aedificatas
921 1392 978 1457 tus
996 1412 1072 1460 sune
1089 1393 1178 1459 bene

285 1500 365 1566 806:
381 1498 539 1584 Inspicere
556 1498 607 1564 hio
625 1499 715 1565 aedis
734 1504 765 1564 te
782 1499 840 1564 beo
857 1500 938 1565 vebo
957 1500 1064 1566 aiebat
1081 1498 1163 1565 mibi.

175 1613 178 1620 “
275 1606 322 1674 Hi.
333 1604 395 1672 loci
414 1605 526 1689 quibus
544 1625 606 1672 non
624 1605 828 1690 solum„bus“
846 1606 878 1671 in
898 1607 1059 1686 codicibus
1077 1606 1220 1673 omnibus
1233 1604 1355 1689 legitur,

187 1729 297 1779 venun
318 1712 414 1779 etiam
434 1713 529 1796 ,has“
551 1712 643 1778 unice
666 1713 940 1786 rectamformum
963 1734 1031 1780 esse
1053 1733 1162 1780 versus
1186 1710 1356 1794 confirmet,

187 1818 411 1888 dilucidissime
429 1819 598 1886 ostendunt
614 1826 763 1903 utrasque
776 1819 894 1886 formas
908 1821 995 1905 apud
1008 1820 1140 1904 „acdes“
1154 1819 1273 1905 positas
1286 1838 1356 1884 osse

187 1946 209 1991 a
226 1927 347 1992 Plauto.
393 1927 497 2009 Atque
519 1925 605 1991 idem
625 1926 777 1993 iudicium
801 1927 841 1992 dc
868 1927 1059 2011 pronominis
1082 1927 1133 1993 hic
1155 1925 1261 1992 formis
1285 1945 1355 1991 eum

186 2032 315 2102 vocibus
333 2038 506 2116 quaesunt
524 2031 685 2117 epistulae,
704 2032 844 2118 (tabulas
862 2034 988 2108 omnino
1005 2053 1167 2117 nunquam
1183 2032 1267 2100 idem
1286 2050 1355 2100 esse

186 2159 226 2205 ao
244 2138 384 2224 tabellas,
402 2139 530 2222 litteras,
548 2138 714 2225 epistulam
727 2139 814 2208 inira
828 2139 1062 2225 demonstrabo)
1076 2140 1220 2223 tabellae,
1233 2139 1355 2204 litterae

187 2245 367 2312 coniunctis.
398 2245 485 2315 Sane
503 2246 596 2329 longe
613 2247 754 2331 plunimis
773 2247 850 2312 loeis
869 2248 956 2333 apud
973 2248 1053 2314 baec
1070 2247 1226 2314 voeabula
1239 2245 1356 2312 formes

185 2353 264 2438 „bae
278 2353 335 2420 hes
349 2352 414 2418 his“
431 2352 616 2437 invenimus,
634 2359 759 2439 praeter
772 2356 858 2420 locos
868 2375 889 2419 a
898 2355 946 2420 ΡΙ.
956 2354 1069 2420 allatos
1083 2355 1179 2420 etlam
1187 2354 1271 2424 'l'rin
1281 2354 1355 2418 874.

187 2499 230 2511 -
248 2459 362 2527 Pseud
372 2459 769 2527 20-23-26-30-99
790 2463 948 2529 -Persa
967 2464 1141 2531 247-497
1161 2462 1210 2527 bis
1229 2498 1271 2507 -
1290 2459 1356 2525 544

188 2606 230 2616 -
251 2567 339 2633 Cure.
349 2568 468 2635 4122
479 2569 510 2634 3.
519 2569 670 2635 42-551
682 2570 868 2653 =4.3.1e;
887 2576 994 2636 tomen
1010 2570 1162 2637 memoria
1180 2569 1226 2633 Fl.
1244 2566 1356 2633 iel'ellit

185 2680 360 2765 negantem
377 2675 547 2743 alterarum
564 2674 734 2743 formarum
751 2676 849 2743 ullum
867 2697 937 2744 esse
955 2678 1145 2763 exemplum
1167 2696 1241 2741 nam
1258 2675 1356 2740 Pema

189 2784 253 2849 529
272 2782 400 2865 legitur:

122 2875 123 2879 ¹
227 2891 299 2957 Iam
316 2888 393 2955 mibi
410 2887 533 2954 eredis?
554 2926 595 2935 -
610 2889 672 2957 Ubi
689 2910 773 2957 nune
791 2890 874 2957 illest
887 2891 999 2975 hospes
1009 2891 1063 2973 qui
1075 2891 1164 2956 boote
1177 2890 1239 2955 hue
1252 2886 1356 2953 attulit

931 2999 988 3082 (se.
1006 2996 1168 3082 tabellas),

187 3103 231 3169 ad
248 3123 341 3187 quem
359 3103 487 3171 aceedit
500 3104 581 3171 ulter
597 3104 686 3169 locus
699 3120 792 3187 quem
805 3104 852 3171 Iu
870 3104 951 3169 inter
962 3105 1114 3189 'exempla
1131 3104 1251 3170 formae
1263 3101 1356 3187 „had

188 3209 394 3294 enumeravit,
421 3211 497 3294 quia
519 3216 585 3277 tum
602 3210 636 3276 in
657 3211 686 3277 Α
709 3209 840 3295 ,based
863 3230 934 3279 esse
957 3212 1095 3279 nondum
1123 3217 1192 3279 erat
1213 3210 1356 3294 explora·

186 3323 253 3385 tum
270 3316 355 3383 Trln.
374 3318 468 3383 8482.

232 3422 316 3501 eun
334 3443 394 3508 ego
411 3437 496 3491 nune
513 3424 641 3508 subigor
658 3424 751 3491 tu‘um
768 3444 930 3492 nummum
944 3444 1042 3492 causa
1055 3431 1090 3492 ut
1102 3425 1191 3493 bocco
1205 3422 1355 3509 epistulas

232 3530 346 3599 Dion
365 3531 406 3597 ab
423 3551 462 3596 eo
485 3531 609 3599 bomine
626 3552 680 3599 sne
696 3532 859 3616 accepisse
876 3552 971 3617 quem
989 3552 1049 3616 ego
1067 3532 1123 3616 qui·
1138 3533 1180 3599 sit
1196 3526 1312 3597 nescio.

186 3638 338 3722 nasoon,
355 3638 414 3704 hes
433 3639 537 3707 osten
986 3664 989 3671 ⁴

266 3743 370 3824 ¹Quae
394 3765 464 3813 cun
486 3745 757 3830 inuisumque
779 3747 866 3831 apud
887 3747 1022 3824 „uedes“
1043 3747 1127 3812 solas
1149 3746 1266 3812 formas
1284 3766 1355 3811 cum

188 3871 234 3935 oe,
252 3869 270 3916 o
288 3870 390 3943 neque
403 3852 492 3938 apud
509 3872 603 3920 voces
623 3859 792 3937 quaesunt
806 3853 951 3938 tabellae,
966 3828 1119 3938 epidtulee
1136 3853 1221 3921 solas
1239 3853 1355 3919 formas

188 3958 258 4025 sine
275 3978 311 4025 ee
326 3977 347 4023 a
364 3958 478 4025 Plauto
499 3959 634 4045 scriptas
658 3980 727 4027 esse
744 3967 841 4047 patet
877 3961 981 4045 Atque
999 3960 1094 4026 etiam
1113 3960 1200 4027 aliud
1218 3961 1354 4044 accedit,

187 4065 275 4148 nuilla
293 4065 377 4135 enim
394 4064 525 4150 reperiri
537 4071 642 4151 potest
655 4086 762 4151 eausa,
781 4089 837 4134 cur
853 4088 915 4134 uox
934 4087 1017 4153 quse
1035 4075 1084 4134 est
1101 4066 1198 4134 aedes
1215 4068 1355 4152 requirat

189 4172 305 4239 lormus
324 4191 395 4239 cum
409 4172 829 4256 oe,easde1nioumesvooes
847 4195 936 4259 quae
948 4181 1021 4242 aunt
1038 4176 1183 4259 tutellae,
1201 4173 1354 4259 epistulae
