3142 4925
750 343 792 409 39

184 526 306 606 pentur,
323 517 496 588 luculenter
508 526 643 605 apparet
655 521 775 586 nullum
783 520 928 585 intereas
938 520 1176 603 significationis
1191 521 1358 587 discrimen
1445 593 1449 604 Ι

184 627 391 711 intercedere,
418 627 476 692 sed
492 626 557 692 vim
575 626 786 692 serationem
809 626 1087 692 demonstrativam
1106 646 1214 692 earum
1232 646 1357 710 prorsus

185 727 320 800 eandem
340 754 417 800 esse.
1136 751 1140 754 ’

272 843 301 906 2.
343 839 553 906 Nihilominus
584 840 618 903 in
649 859 709 905 usu
737 859 846 904 earum
875 838 1041 904 diversitas
1069 838 1227 923 quaedam
1254 845 1357 924 potest

114 947 118 948 ⁷
183 966 265 1030 esse,
283 967 393 1012 verum
406 946 491 1029 quod
504 946 612 1011 Fleok.
630 945 741 1010 statuit
755 945 842 1030 apud
856 944 921 1009 alia
934 945 1100 1029 voeabula,
1115 947 1201 1011 velut
1214 947 1357 1029 ,aedat
1407 945 1409 948 ’

183 1072 307 1138 semper
324 1052 441 1118 formas
455 1072 537 1136 quae
551 1052 661 1117 litteris
672 1072 716 1135 oe,
735 1051 978 1135 eterminantur,
997 1053 1114 1116 alteras
1133 1071 1256 1135 semper
1269 1051 1356 1135 apud

183 1158 257 1242 alia,
274 1160 360 1223 velut
376 1159 531 1243 „tabellae
554 1158 735 1244 epistulae“,
753 1158 882 1243 probari
904 1169 968 1222 non
990 1158 1195 1241 potest'quia
1220 1163 1251 1222 et
1269 1157 1356 1242 apud

186 1265 321 1352 ‚,aedes“
338 1266 516 1331 breviorum
529 1265 699 1331 formarum
714 1268 859 1350 exempla
871 1265 959 1330 haud
973 1264 1070 1330 dubia
1088 1269 1215 1328 exstant
1228 1268 1260 1327 et
1269 1264 1355 1347 apud

185 1371 339 1448 ‚tabellae
356 1372 528 1455 epistulae“
544 1372 665 1456 formae
678 1371 817 1456 „hasee“.
840 1374 939 1436 Immo
949 1370 1132 1455 saepissime
1147 1370 1233 1453 apud
1243 1370 1356 1434 eadem

181 1478 338 1544 voeabula
356 1483 508 1561 utraeque
530 1478 650 1543 formae
676 1477 885 1562 reperiuntrn,
909 1497 961 1561 ae,
983 1476 1011 1542 si
1033 1476 1160 1559 quando
1179 1476 1266 1560 apud
1283 1477 1354 1541 sub-

182 1584 353 1652 stantivum
375 1584 505 1666 aliquod
527 1586 697 1650 alterarum
717 1584 893 1649 <formarum
912 1583 1026 1648 desunt
1044 1584 1202 1666 exempla,
1225 1582 1283 1647 soli
1303 1602 1353 1646 oa-

182 1690 232 1755 sui
249 1690 448 1755 tribuendum
467 1696 524 1756 est

270 1797 299 1861 3.
328 1796 392 1862 Sed
411 1816 482 1861 oum
500 1816 540 1861 ne
559 1817 599 1862 ex
617 1802 731 1861 natura
753 1795 881 1878 quidem
899 1802 931 1860 ot
948 1794 1054 1859 indole
1072 1795 1265 1877 singulorum
1282 1795 1353 1860 sub-

179 1901 387 1967 stantivorum
405 1902 581 1985 quiequam,
601 1922 641 1967 ex
659 1922 721 1984 quo
737 1901 879 1966 diversus
894 1905 969 1968 usus
977 1900 1173 1966 diversarum
1183 1900 1353 1967 formarum

179 2007 277 2091 possit
295 2008 459 2091 explicari,
487 2008 607 2074 desumi
620 2008 737 2092 possit,
759 2014 868 2072 tamen
885 2007 981 2072 aliam
1000 2006 1209 2072 differentiam
1228 2008 1352 2092 conspi-

180 2113 287 2178 oimus.
331 2114 455 2178 Etenim
482 2114 509 2179 si
536 2119 637 2179 eertos
659 2114 745 2179 loeos
773 2113 898 2197 quibus,
925 2113 1008 2178 inter
1030 2133 1064 2178 se
1091 2112 1152 2177 illis
1180 2113 1351 2196 simillimis,
1465 2128 1468 2134 ’

91 2215 94 2216 ’
179 2218 266 2303 apud
285 2218 397 2300 eadem
415 2220 571 2312 voeabula
588 2219 682 2284 modo
700 2219 821 2285 formae
841 2238 912 2284 oum
922 2239 958 2284 oe
976 2219 1070 2283 modo
1088 2218 1209 2283 formae
1227 2218 1295 2283 sine
1315 2237 1351 2284 oe

176 2323 324 2407 leguntur
342 2326 565 2411 oomponimus,
583 2326 695 2390 mirum
714 2331 762 2390 est
776 2331 808 2390 et
820 2324 1029 2409 memorabile,
1048 2324 1132 2407 quod
1145 2324 1215 2390 illas
1229 2344 1351 2408 semper

177 2431 318 2514 sequitur
335 2431 455 2498 voealis
473 2434 522 2498 vel
538 2432 568 2518 h,
584 2431 644 2499 has
663 2451 838 2500 consonans
856 2432 968 2499 littera.

267 2538 297 2602 4.
329 2535 408 2603 inde
431 2558 502 2603 oum
524 2539 695 2604 admodum
717 2539 885 2604 verisimile
907 2537 964 2604 fiat
995 2538 1120 2603 omnino
1147 2538 1294 2603 Plautum
1316 2539 1350 2602 in

8 2634 9 2637 '
107 2654 108 2658 ’
177 2663 238 2708 usu
256 2642 367 2708 harum
376 2643 545 2711 formarum
555 2666 626 2711 eam
635 2664 776 2711 normam
791 2646 984 2729 observasse,
1001 2650 1036 2709 ut
1045 2644 1103 2728 „lri,
1122 2644 1178 2726 his,
1196 2643 1262 2727 hos,
1275 2644 1351 2709 has“

177 2769 302 2833 semper
310 2755 384 2815 ante
393 2751 548 2816 voeabula
558 2751 874 2834 quaeaoonsonanti,
892 2751 1005 2835 „hisee
1022 2751 1125 2833 hosce,
1144 2734 1257 2814 hasoe“
1276 2756 1350 2815 ante

177 2856 334 2921 voeabula
360 2877 444 2940 quae
472 2878 492 2922 a
513 2858 617 2922 voeali
638 2858 728 2923 velh
750 2857 874 2921 initium
900 2857 1018 2922 habent
1049 2856 1200 2941 posuerit,
1227 2856 1255 2921 si
1286 2857 1349 2920 iam

178 2981 285 3027 omnes
300 2962 411 3045 quibus
425 2963 486 3027 hae
499 2963 699 3029 inveniuntur
712 2964 832 3029 formae
841 2965 928 3028 locos
938 2962 1164 3047 componimus,
1178 2967 1298 3028 eertum
1306 2961 1348 3027 fit.

178 3068 261 3132 Nam
284 3068 327 3132 ad
349 3088 445 3135 unum
464 3089 570 3135 omnes
589 3070 617 3134 ei
636 3071 705 3153 looi,
728 3070 841 3153 quibus
859 3074 987 3154 propter
1004 3089 1129 3134 versum
1151 3074 1184 3134 et
1200 3068 1349 3134 faedlime
1399 3133 1405 3145 ,

178 3178 210 3238 et
232 3174 410 3258 certissime,
428 3181 500 3239 utra
517 3175 620 3240 forma
637 3177 730 3241 unioe
747 3196 824 3242 vera
842 3175 891 3259 sit,
917 3181 1022 3260 potest
1040 3175 1175 3259 decerni,
1199 3194 1270 3239 oum
1287 3175 1349 3239 hae

163 3280 247 3362 lege
261 3281 471 3364 uomentium,
489 3300 600 3346 revera
615 3288 688 3347 ante
703 3302 787 3347 oens.
801 3283 885 3347 solas
903 3281 1021 3347 formas
1039 3281 1097 3365 „hi,
1115 3279 1172 3365 his,
1189 3282 1255 3364 hos,
1272 3281 1349 3347 has“

177 3386 252 3469 poni
264 3385 416 3470 videmus,
434 3393 509 3452 ante
519 3407 590 3453 ,voe
605 3394 636 3452 et
648 3389 670 3452 h
683 3408 808 3473 semper
815 3378 944 3472 „hisee“.
977 3387 1103 3453 Deinde
1121 3407 1196 3452 vero
1215 3387 1267 3452 ubi
1281 3387 1347 3451 dat.

177 3510 243 3576 aee.
257 3492 318 3556 abl.
335 3498 411 3558 ante
428 3493 554 3559 vocales
574 3494 644 3558 eth
665 3495 823 3577 leguntur,
851 3494 945 3576 longe
966 3493 1108 3577 plurimis
1130 3493 1207 3557 loeis
1234 3493 1348 3576 „hisee

92 3674 96 3680 Δ
172 3596 618 3685 husee,hosoe“oonspieimus,
627 3600 738 3683 paneis
747 3620 825 3665 sane
834 3599 867 3663 in
877 3599 1037 3664 eodioibus
1048 3596 1348 3683 est:„his,hos,has.“

176 3704 245 3768 lam
261 3724 336 3769 vero
355 3725 427 3769 eum
446 3706 557 3770 eadem
575 3707 686 3788 regula
708 3726 791 3789 quae
813 3705 846 3770 in
873 3705 950 3770 loois
978 3705 1070 3770 certis
1092 3703 1178 3770 valet
1199 3709 1234 3769 ut
1253 3704 1347 3768 etiam
1461 3790 1464 3793 Α

176 3810 334 3876 moetoris
347 3810 463 3895 valeat,
481 3811 522 3876 sit
535 3812 796 3897 exspeotandum3
814 3811 999 3896 praesertim
1013 3831 1084 3875 oum
1102 3810 1245 3892 aeoedat,
1263 3811 1347 3892 quod

175 3935 233 3999 pro
263 3916 382 4001 ‚,lrisee,
407 3917 516 4001 husee,
542 3917 657 3983 hasee“
682 3918 825 3984 librarios
847 3918 935 3983 haud
956 3938 1028 3982 raro
1054 3915 1249 3981 substituisse
1271 3916 1347 4000 ‚‚his,

175 4021 241 4106 hos,
259 4021 336 4088 has“
358 4027 489 4107 constat,
513 4029 544 4088 et
565 4023 722 4089 nonnullis
739 4023 818 4089 loeis
836 4024 949 4108 quibus
968 4029 1062 4089 antea
1083 4021 1163 4105 ,‚his,
1180 4021 1259 4087 has“
1280 4022 1346 4087 vul·

176 4128 313 4214 gebatur
338 4148 423 4194 nuno
445 4121 465 4194 e
486 4128 596 4195 oodioe
623 4128 767 4195 deletioio
798 4130 915 4214 ‚‚hisee,
942 4130 1057 4196 hasoe“
1086 4128 1264 4193 restitutum
1285 4132 1345 4227 est:
