3142 4925
773 415 817 478 43

210 593 330 660 linui.
343 596 370 656 1.
381 591 526 657 5=2942
549 592 645 658 Hisce
662 591 748 657 hami
766 598 861 677 atquc
879 588 983 680 hae[c]
1002 589 1184 657 hirundines
1202 595 1274 654 sunt
1292 587 1381 654 nobis

953 702 1086 782 quaestu
1104 700 1136 761 et
1154 695 1246 760 cultu.

6 865 8 876 ,
210 802 271 870 hae
287 804 368 891 libri,
386 806 466 873 hacc
483 826 593 874 versus
610 806 747 891 requirit.

5 945 7 952 “
74 964 83 967 ·
209 929 291 996 Rud.
303 931 332 996 3.
343 933 544 1000 422=727=
558 931 674 999 Veneri
683 929 789 1019 hae[c]
805 938 911 997 autern
925 930 1381 1017 complacuerunt-Habeat,

957 1039 984 1104 si
1003 1045 1168 1135 argentum
1187 1036 1282 1103 dabit.

210 1146 263 1210 Sic
280 1152 366 1210 recte
384 1144 501 1222 Fleck„
527 1143 664 1209 codices:
682 1144 741 1209 bae
760 1151 866 1211 autern
884 1146 1008 1218 Veneri

211 1270 289 1335 Rud.
305 1271 334 1335 3.
350 1272 379 1333 4.
394 1269 567 1333 41=74oz
587 1267 673 1346 Quid
694 1289 766 1334 mea
789 1270 891 1355 refert,
913 1266 1018 1356 hae[c]
1036 1267 1166 1333 Athenis
1184 1274 1322 1334 natacne
1339 1288 1382 1333 an

953 1373 1069 1440 Thebis
1086 1374 1189 1439 sient?

209 1482 263 1547 Sic
280 1482 336 1566 Fl,
355 1481 493 1549 codices:
511 1483 585 1567 hae3
604 1481 736 1550 fortasse
754 1489 849 1570 poeta
867 1482 991 1566 scripsit
1008 1480 1125 1565 „istac“
1138 1487 1174 1546 ut
1186 1502 1215 1546 v.
1231 1483 1275 1545 20
1293 1485 1325 1545 et
1339 1483 1378 1545 21

210 1594 241 1653 et
258 1590 300 1655 47
321 1595 352 1654 ct
368 1588 438 1674 ipso
456 1589 510 1673 qui
527 1589 690 1675 praecedit
707 1608 813 1657 versu:

269 1715 443 1797 Argentum
460 1733 517 1798 pro
536 1716 636 1780 istisce
658 1714 810 1780 ambabus
828 1714 942 1798 quoiae
961 1719 1052 1779 erant
1069 1714 1195 1778 domino
1214 1712 1297 1795 dedi,

145 1859 151 1868 ·
272 1820 356 1898 Quid
373 1840 445 1885 mea
463 1819 567 1903 refert,
585 1822 663 1886 istoc
680 1820 810 1886 Athenis
828 1826 966 1887 natacne
985 1842 1027 1885 an
1045 1819 1161 1885 Thebis
1179 1818 1281 1883 sient?

296 1942 362 2009 Sed
380 1964 452 2008 curn
470 1950 544 2009 ante
562 1945 691 2009 vocales
709 1945 779 2010 eth
798 1951 903 2010 utram
925 1945 1057 2012 formam
1070 1941 1228 2027 usurparit
1241 1908 1381 2024 Plautus,

209 2049 294 2115 haud
318 2050 446 2115 difficile
468 2050 509 2115 sit
530 2055 711 2135 perspectu3
739 2056 814 2116 ante
837 2056 1045 2116 consonantes
1069 2048 1225 2133 quomodo
1248 2047 1381 2116 diversis

208 2154 315 2220 t'onnis
334 2176 408 2222 usus
426 2155 476 2239 sit
495 2156 665 2222 admodum
687 2156 842 2240 impedita
860 2162 907 2223 cst
925 2155 1075 2240 quaestio.
1148 2145 1153 2156 ’

296 2280 421 2364 ,‚Haec“
439 2279 522 2346 enirn
539 2281 690 2366 scriptum
708 2282 807 2347 estin
824 2301 905 2364 mss,
923 2282 1028 2345 autin
1046 2300 1117 2344 nuss.
1137 2277 1319 2362 corruptelis
1337 2278 1381 2341 la-

209 2393 273 2452 tere
292 2386 432 2452 homines
451 2386 535 2451 docti
555 2386 754 2454 coniecerunt
771 2383 820 2452 his
838 2386 929 2453 locis:
1344 2375 1349 2386 “

208 2494 332 2560 Asini.
345 2497 372 2558 1.
383 2495 545 2560 63=808:
563 2495 652 2560 Haec
670 2501 743 2561 sunt
759 2516 824 2560 non
842 2514 956 2577 nugae.

209 2600 278 2665 Aul.
290 2602 319 2665 3.
329 2600 359 2665 5.
369 2601 425 2666 58:
444 2600 533 2665 Haec
551 2606 624 2666 sunt
642 2606 737 2685 atque
756 2602 840 2667 aliae
858 2602 977 2666 multae
994 2600 1028 2665 in
1046 2600 1170 2684 magnis
1190 2599 1314 2665 dotibus

443 2707 725 2774 Incommoditates.

209 2812 299 2897 Epid.
309 2814 339 2878 5.
350 2814 379 2878 2.
390 2815 446 2878 23:
466 2812 683 2897 Conligandae
700 2815 781 2880 haec
802 2812 858 2899 (sc.
877 2813 1004 2898 manus)
1024 2819 1098 2879 sunt
1121 2813 1177 2878 tibi
1195 2811 1297 2877 hodie.

209 2918 272 2985 Mil.
282 2921 361 2985 583:
380 2921 464 2986 Dum
482 2920 562 2984 haec
580 2921 789 2986 consilescunt
806 2921 919 2987 turbae
936 2927 1032 3004 atque
1049 2920 1116 2984 irae
1134 2918 1261 2983 leniunt.

209 3025 268 3108 hec
286 3026 352 3109 ΒΖ,
369 3026 428 3091 hec
446 3024 482 3108 F,
500 3025 562 3090 hae
581 3025 649 3091 OD.

209 3132 297 3197 Most.
313 3133 391 3196 771:
414 3130 563 3199 Molestus
585 3152 625 3196 ne
647 3132 700 3217 sis,
721 3133 803 3198 haec
827 3133 883 3220 (sc.
903 3132 1013 3217 aedes)
1033 3137 1106 3198 sunt
1123 3131 1205 3198 sicut
1221 3131 1382 3216 praedico.

209 3238 303 3303 Poen.
314 3239 342 3302 5.
355 3240 382 3302 7.
394 3239 428 3302 3:
587 3238 681 3305 modo
704 3239 853 3322 cognovit
869 3240 952 3305 filias

253 3336 335 3409 ¹Suae
354 3343 449 3409 hasce
468 3363 537 3410 esse
556 3345 674 3410 ambas.
695 3383 737 3393 -
755 3347 816 3410 Em
834 3346 917 3429 quod
935 3345 1066 3411 verbum
1084 3365 1178 3411 aures
1196 3365 1284 3412 meas
1328 3348 1339 3363 '

254 3449 393 3532 Tetigit?
438 3451 532 3515 Nune
549 3451 637 3535 perii
682 3451 775 3518 Unde
792 3452 873 3518 haec
889 3453 1050 3537 perierunt
1067 3451 1182 3518 domo?

209 3555 289 3621 hacc
307 3555 391 3621 solus
405 3557 443 3639 A,
462 3556 558 3621 ceteri
576 3557 644 3622 hae.

152 3689 160 3696 ’
209 3676 369 3743 Ruunt
380 3679 566 3745 51=10952
585 3681 674 3747 Haec
691 3687 838 3766 poterunt
856 3682 990 3766 novisse,
1008 3683 1173 3748 ostendere
1191 3683 1238 3748 his
1256 3682 1337 3747 iube.

209 3784 282 3849 Rud
303 3786 544 3851 1.3.17=199:
563 3788 652 3853 Haec
675 3787 826 3853 bonorum
845 3789 913 3854 eius
932 3795 1004 3853 sunt
1021 3789 1182 3871 reliquiae.

209 3890 289 3955 Rud.
302 3892 329 3954 1.
341 3891 370 3956 5.
381 3893 553 3956 24=2822
585 3893 650 3959 Sed
667 3890 747 3959 haee
769 3915 926 3979 pauperes
945 3901 1025 3978 sunt,
1042 3895 1153 3979 inopes
1171 3914 1229 3977 ree,
1248 3893 1381 3979 puellae.

208 3995 249 4059 B:
267 3996 357 4061 initio
375 3996 471 4081 „hic“,
489 4004 601 4082 postea
619 3999 721 4084 „lreo“‚
741 4001 780 4065 al.
799 4001 878 4085 heic,
897 4007 970 4066 vett
990 4001 1061 4067 edd.
1081 4000 1185 4084 „hae“.

210 4100 305 4168 Stich.
319 4105 372 4168 18:
391 4103 480 4168 Haec
498 4124 548 4170 res
566 4104 651 4170 vitae
669 4126 729 4183 me,
747 4127 842 4192 soror,
861 4114 1013 4192 saturant,

319 4210 373 4274 19:
391 4209 480 4274 Haec
497 4210 574 4275 mihi
593 4211 732 4277 diuidiae
750 4219 782 4278 ct
800 4213 887 4279 senio
905 4221 986 4279 sunt.
