3142 4925
714 334 757 398 63

150 514 320 601 praecedat
329 512 491 598 „ocellus“,
504 511 614 589 „huius
624 511 760 575 ocellus“
773 516 848 575 ante
860 508 971 587 ,huius
984 507 1151 572 labellum“
1168 506 1324 576 excidisse

152 621 376 704 cognoscimus.
403 620 440 685 V.
457 620 519 684 177
534 618 609 683 inA
628 617 679 681 hio
697 622 757 682 est:
774 615 877 681 Huius
897 635 950 680 cor
967 613 1059 680 huius
1077 613 1215 680 studium
1233 611 1324 680 huius

191 727 313 768 dulciculus
326 737 402 767 cascum

151 781 275 848 savium
291 779 454 863 mastigia3
472 778 505 844 in
522 779 550 843 Β
570 778 632 843 duo
649 796 759 843 uersus
777 782 863 841 sunt:

257 914 359 979 Huius
378 914 514 977 colustra
531 910 623 977 huius
643 909 816 976 dulciculus
835 929 947 975 caseus
964 907 1113 990 mastigia

257 1020 360 1085 Huius
379 1040 433 1085 cor
450 1020 543 1084 huius
561 1017 699 1083 studium
716 1016 809 1081 huius
828 1016 951 1081 savium
969 1013 1126 1097 mastigia.

153 1155 269 1218 Versus
287 1153 339 1217 vel
356 1152 460 1238 potius
478 1152 576 1218 verba
596 1188 637 1196 —-
656 1169 758 1234 neque
778 1149 860 1214 enim
878 1149 958 1213 haec
976 1148 1080 1213 verba
1097 1145 1238 1213 efficiunt
1259 1166 1326 1214 ver-

153 1278 222 1323 sum
242 1296 284 1305 -
303 1258 412 1343 „huius
437 1279 490 1323 oor
513 1256 604 1322 huius
623 1256 761 1322 studium
783 1254 877 1320 huius
900 1254 1023 1319 savium
1045 1253 1212 1337 mastigia“
1231 1253 1327 1318 offen-

154 1364 292 1430 sionibus
316 1365 508 1448 redundant;
536 1364 669 1450 primum
698 1362 780 1428 enim
808 1361 918 1446 „huius
941 1360 1096 1426 studium“
1118 1358 1205 1426 haud
1233 1360 1328 1425 dubie

154 1470 270 1544 falsum
295 1476 354 1554 est,
386 1472 471 1536 Nam
493 1469 622 1555 Milphio
645 1468 871 1554 Adelphasium
893 1489 942 1533 nu.
968 1463 1031 1532 152
1054 1489 1121 1552 sqq.
1144 1468 1190 1532 sic
1213 1467 1328 1533 affatus

156 1582 215 1641 est:
234 1577 307 1644 llice
320 1578 474 1662 voluptas,
492 1597 582 1642 meac
602 1576 744 1659 deliciae,
763 1596 836 1640 mes
853 1574 929 1657 vita,
947 1594 1020 1640 mea
1037 1574 1222 1658 amoenitas,
1239 1594 1328 1642 mens

135 1683 282 1766 ocellus,
299 1704 404 1750 meum
421 1683 579 1767 labellum,
599 1704 625 1747 e.
645 1703 672 1766 q.
692 1704 728 1766 s.;
748 1682 788 1747 ob
806 1682 886 1746 hacc
910 1681 996 1747 dicta
1013 1682 1234 1766 Agorastocles
1258 1701 1329 1746 eum

155 1790 292 1871 castigat
311 1795 342 1853 et
361 1788 437 1853 dicit
449 1790 563 1854 ulis:
582 1788 668 1854 Sioin
687 1809 748 1873 ego
765 1795 799 1853 te
817 1809 907 1854 orare
924 1787 1033 1872 iussit,
1053 1795 1084 1853 et
1102 1787 1265 1873 Milphioni
1282 1786 1329 1852 in-

155 1895 342 1978 terroganti:
362 1893 525 1972 Quomodo
545 1916 620 1979 ergo
634 1896 741 1960 orem?
752 1934 794 1941 —
809 1894 990 1979 respondet:
1009 1892 1123 1959 Omnia
1142 1895 1196 1959 illa
1209 1894 1331 1962 blaudi-

157 2009 278 2086 menta,
301 2022 384 2085 quae
406 2006 441 2067 tu
464 2007 517 2067 tuo
540 2000 666 2067 nomine
688 2001 811 2066 mulieri
832 2001 1042 2087 impartivisti,
1064 2022 1135 2066 mco
1158 2000 1283 2067 nomine
1301 2001 1332 2066 ei

157 2108 342 2192 impertires,
361 2129 424 2173 non
444 2109 563 2175 diceres
583 2129 654 2174 earn
672 2114 759 2173 tuam
777 2108 982 2195 voluptatem,
1005 2107 1062 2174 sed
1079 2107 1171 2173 huius
1189 2108 1332 2192 volupta-

157 2221 230 2297 tem,
248 2235 309 2279 non
329 2219 401 2279 tuas
421 2209 561 2300 delicias,
580 2216 637 2281 sed
655 2215 746 2280 huius
766 2214 905 2298 delicias,
923 2235 986 2279 non
1004 2221 1093 2279 tuum
1111 2214 1252 2297 ocellum,
1275 2215 1333 2280 sed

158 2321 251 2385 huius
270 2320 403 2385 ocellum
422 2326 484 2404 cct;
497 2320 571 2408 iam
591 2328 724 2406 apparet
741 2320 793 2385 hio
811 2321 913 2386 locum
931 2342 993 2386 non
1012 2341 1081 2386 csse
1098 2321 1201 2387 verbis
1221 2321 1333 2404 „huius

159 2427 324 2511 studium“,
342 2446 479 2511 namque
498 2427 572 2511 quia
582 2427 711 2514 Milphio
725 2427 879 2511 virginem
898 2447 962 2492 non
981 2427 1060 2493 dixit
1077 2448 1167 2494 suum
1186 2428 1333 2513 studium,

159 2533 382 2617 Agorastocles
397 2533 502 2599 dicere
517 2535 638 2618 nequit:
657 2535 779 2599 nonita
795 2535 924 2618 diceres,
938 2539 973 2599 ut
987 2534 1103 2619 dixisti,
1121 2535 1179 2600 sed
1198 2536 1333 2603 diceres:

159 2641 252 2705 huius
275 2639 427 2725 studium,
449 2661 552 2724 neque
576 2641 660 2706 enim
683 2641 870 2706 adulescens
894 2640 983 2724 dicit,
1007 2642 1102 2706 etiam
1125 2642 1189 2706 alia
1213 2642 1334 2710 blaudi-

161 2752 268 2811 menta
287 2747 316 2810 ei
335 2745 485 2837 addenda
503 2746 613 2832 fuisse,
636 2748 693 2813 scd
711 2747 788 2813 nihil
807 2748 884 2813 dicit
901 2747 974 2813 nisi:
998 2768 1037 2839 ga
1056 2768 1138 2831 quae
1156 2753 1262 2814 tutuo
1280 2769 1334 2814 no-

160 2853 244 2917 minc
274 2852 320 2916 illi
352 2852 471 2936 dixisti,
505 2873 544 2917 ca
575 2875 645 2918 meo
677 2855 803 2919 nomine
839 2854 959 2919 diceres
979 2853 1021 2940 (v.
1043 2855 1119 2919 179:
1148 2854 1262 2921 Omnia
1281 2856 1335 2921 illa

162 2979 244 3042 quae
263 2959 393 3024 dicebas
411 2965 467 3024 tua
486 2979 554 3024 esse
577 2980 765 3025 memorares
789 2960 883 3045 mea).
930 2962 1014 3047 Ergo
1040 2960 1151 3038 „huius
1174 2962 1332 3027 studium‘

162 3085 226 3130 non
244 3064 346 3147 magis
364 3064 439 3130 ferri
456 3070 560 3150 potest
578 3087 673 3149 quam
699 3067 810 3143 „huius
832 3067 977 3151 lingua“,
1001 3087 1135 3150 quocum
1159 3068 1254 3133 ctiam
1276 3068 1336 3133 hoo

164 3191 327 3235 commune
347 3178 402 3254 est,
422 3171 506 3253 quod
524 3191 564 3236 ne
583 3171 721 3237 studium
739 3173 867 3256 quidem
881 3173 944 3237 ullo
960 3175 1022 3238 alio
1036 3174 1105 3239 loco
1119 3159 1266 3239 Plautino
1280 3196 1335 3260 ap-

163 3278 299 3363 pellatur
318 3282 426 3341 amata
444 3278 567 3361 mulicr;
585 3277 709 3343 videtur
728 3284 833 3343 autem
852 3280 962 3363 „huius
980 3280 1136 3345 studium“
1163 3280 1239 3344 nihil
1267 3264 1335 3346 esse

164 3384 225 3449 nisi
236 3382 448 3468 dittographia
459 3404 658 3467 eorumquae
672 3392 856 3467 sequuntur:
875 3385 985 3470 „huius
997 3385 1148 3471 savium‘.
1166 3387 1337 3453 Praeterea
1364 3374 1368 3380 ’

164 3511 239 3555 vcro
248 3510 350 3573 neque
359 3490 468 3574 „huius
479 3491 550 3556 cor“
559 3511 660 3573 neque
667 3491 779 3575 „huius
790 3491 930 3581 savium“
939 3492 999 3557 hoc
1012 3493 1082 3558 loco
1099 3498 1185 3558 recte
1199 3513 1269 3558 sese
1281 3494 1337 3559 ha·
1351 3564 1354 3569 ,

163 3599 239 3663 bere
257 3603 395 3680 possunt,
414 3597 488 3683 quia
506 3596 621 3662 iamin
639 3619 668 3662 v.
685 3598 724 3661 17
727 3598 748 3661 5
766 3598 881 3681 insunt,
899 3618 1002 3681 neque
1021 3598 1189 3682 quicquam
1207 3607 1263 3683 est,
1282 3620 1337 3665 cur

165 3702 229 3766 illic
247 3722 311 3766 non
329 3707 414 3766 recte
432 3703 549 3768 tradita
568 3724 636 3770 esse
654 3709 809 3789 putemus.
845 3705 914 3771 Iam
932 3704 1053 3789 reliqua
1071 3710 1157 3772 sunt:
1175 3707 1338 3793 mastigia3

165 3793 332 3895 praetcrea
360 3807 443 3872 inA
470 3830 566 3895 supra
593 3810 722 3875 lineam:
751 3811 925 3879 dulciculus
954 3832 1077 3896 caseus,
1105 3813 1187 3877 inB
1215 3833 1338 3881 uersus:

71 3980 76 3987 ,
166 3916 268 3980 Huius
278 3914 415 3979 colustra
424 3910 515 3980 huius
526 3916 700 3981 dulciculus
711 3937 824 3982 caseus
833 3918 993 4001 mastigia,
1008 3925 1104 4000 atque
1117 3920 1200 3985 hunc
1213 3939 1339 3987 uersum

167 4022 314 4087 Plautum
338 4039 448 4086 revera
470 4020 631 4105 scripsisse
655 4041 768 4089 censeo
789 4017 839 4088 his
862 4024 902 4088 de
926 4024 1038 4091 causis.
1084 4025 1225 4109 Primum
1244 4027 1339 4091 male-

170 4126 253 4193 dicto
275 4126 461 4209 „mastigia“
482 4127 655 4212 increpatio
674 4134 749 4212 apte
767 4128 881 4213 finitur,
900 4137 995 4214 atque
1014 4151 1052 4197 eo
1065 4132 1168 4217 minus
1181 4133 1255 4197 licet
1268 4152 1346 4205 oum¹
