3142 4925
775 320 794 384 7

198 496 294 562 schen
316 496 379 562 den
387 495 523 564 Formen
540 495 597 561 mit
615 496 687 563 dem
704 496 958 583 paragogischen
977 515 1013 562 ce
1031 495 1097 561 und
1115 495 1196 560 ohne
1215 495 1366 561 desselbe

197 603 253 669 Ich
269 604 363 669 weiss
381 624 446 670 nun
463 602 584 670 freilich
605 602 700 688 nicht,
723 603 763 668 ob
781 603 902 672 Ritscbl
919 603 1006 668 diese
1023 601 1266 685 Untersuchung
1282 601 1369 666 nicht

197 710 293 777 sehon
310 709 455 776 wirklieh
471 724 719 793 vergenommen'
731 710 787 775 hat
797 709 869 776 'und
883 709 978 776 dabei
991 708 1159 792 gefunden,
1177 708 1252 774 dass
1270 707 1302 773 in
1313 708 1368 773 der

198 816 281 884 Tbat
302 816 379 885 kein
402 815 609 884 Unterscbied
630 815 799 882 stattfinde.
844 817 956 899 Itaque
979 835 1050 880 cum
1071 815 1120 881 his
1141 813 1244 881 uerbis
1270 812 1368 878 libere

197 922 379 1008 profiteatur
404 943 439 989 se
466 922 587 989 nescire
614 922 695 988 sitne
722 922 902 1007 discrimen,
930 928 1025 987 antea
1052 922 1219 987 discrimen
1246 919 1367 1003 statuit;

196 1029 321 1095 videtur
338 1029 435 1113 igitur
452 1049 522 1094 eam
542 1028 754 1096 diversitatem
769 1030 810 1096 de
827 1050 891 1114 qua
908 1029 1044 1113 loquitur
1062 1029 1143 1095 inter
1155 1027 1272 1093 formas
1286 1046 1367 1110 quae

197 1134 345 1202 liniuntur
366 1135 476 1201 litteris
501 1155 537 1200 ce
555 1142 587 1200 et
605 1136 722 1202 alteras
748 1136 866 1202 formas
883 1136 1090 1220 intercedere,
1117 1156 1181 1200 non
1203 1154 1259 1220 pro
1283 1140 1367 1198 certo

198 1241 369 1326 ammam
388 1242 445 1308 sed
464 1243 643 1310 coniectura
661 1242 765 1327 potius
784 1243 943 1328 angurari,
961 1241 1094 1308 fortasse
1102 1241 1219 1307 formas
1238 1240 1367 1325 quaein

198 1369 235 1413 ee
252 1350 304 1415 vel
322 1369 340 1414 c
358 1349 476 1415 exitum
494 1348 623 1434 habent,
650 1356 824 1416 monstrare
841 1369 964 1435 semper
981 1369 1032 1414 res
1049 1350 1101 1415 uel
1118 1348 1260 1414 homines
1278 1368 1367 1433 prae·

197 1461 314 1540 sentes,
341 1475 511 1540 numquam
538 1456 684 1523 absentes
708 1462 763 1524 aut
791 1457 934 1524 notiones
956 1456 1144 1539 abstractas;
1171 1461 1266 1540 atque
1283 1453 1367 1519 idem

197 1583 280 1627 nuno
298 1562 486 1628 Ritsehelius
513 1563 627 1629 sentire
654 1563 779 1630 videtur
805 1570 914 1649 utpote
937 1563 991 1648 qui
1018 1562 1059 1627 ad
1084 1562 1186 1628 Trin.²
1204 1563 1282 1626 948:
1310 1561 1367 1627 sed

196 1675 335 1734 monstra
352 1669 446 1734 hosce
464 1669 604 1736 homines
627 1670 702 1736 mihi
726 1670 813 1749 Quos
832 1691 892 1754 ego
910 1690 1027 1754 quaero
1046 1669 1158 1752 quibus
1176 1690 1227 1738 me
1246 1674 1376 1754 oportet

197 1774 255 1839 has
275 1774 397 1842 deferre
415 1775 566 1862 epistulas
585 1814 627 1823 -
647 1778 788 1843 adnotet:
815 1783 999 1862 „exspectes
1016 1775 1105 1859 hos“‚
1127 1775 1274 1856 nimirum
1292 1776 1366 1859 quia

152 1959 155 1963 A
198 1879 339 1948 homines
353 1903 417 1949 non
428 1901 534 1948 coram
544 1883 668 1968 adsunt
686 1885 744 1950 sed
762 1888 967 1970 quaeruntur3
986 1882 1201 1948 etuninnee:
1223 1881 1291 1959 „his
1306 1902 1366 1965 ego

197 1988 237 2054 de
256 1988 374 2055 artibus
392 1990 528 2073 gratiam
546 1990 649 2055 facio“
671 1996 780 2057 contra
798 1989 959 2056 Palatinos
980 1989 1067 2066 ‚‚his“
1092 1989 1257 2074 scripserit.
1302 1989 1367 2055 Sed

195 2096 228 2160 in
254 2096 316 2161 hae
342 2116 376 2161 re
404 2102 511 2165 errant
536 2097 677 2163 homines
703 2096 843 2164 Plautini
878 2096 1028 2163 sermonis
1065 2096 1256 2180 gnarissimi3
1292 2117 1365 2161 nam

196 2202 280 2268 Trin.
300 2205 365 2269 948
387 2224 451 2269 non
472 2203 588 2288 requiri
613 2204 708 2281 „hos“
739 2204 932 2269 demonstrat
957 2203 1044 2268 locus
1072 2202 1212 2269 eiusdem
1237 2203 1366 2269 l'abulae

194 2316 261 2375 tam
278 2310 395 2394 similis,
413 2316 448 2378 ut
469 2331 590 2395 „neque
604 2331 689 2393 aqua
703 2330 806 2395 aquae
819 2329 922 2393 neque
935 2309 1018 2374 lacte
1031 2309 1122 2376 lectis
1136 2308 1265 2375 similius
1275 2316 1363 2375 esse“

194 2417 302 2506 possit
321 2437 417 2502 quam
433 2416 465 2483 hi
484 2418 547 2484 duo
565 2417 626 2484 loei
644 2422 728 2484 sunt:

195 2525 280 2591 Triu
300 2526 363 2590 871
380 2545 459 2609 sqq:
487 2523 572 2604 Quid
600 2525 786 2592 adulescens
809 2524 957 2609 quaeris?
986 2524 1062 2608 quid
1088 2524 1158 2590 vis?
1186 2522 1263 2608 quid
1288 2522 1365 2589 istas

938 2630 1064 2716 pultes?
1089 2670 1131 2680 -
1154 2632 1240 2697 Heus
1268 2652 1365 2698 senex

239 2738 447 2806 Lesbonicum
464 2739 538 2805 hinc
556 2739 789 2805 adulescentem
807 2758 924 2824 quaero
942 2737 975 2803 in
994 2737 1041 2803 bis
1059 2738 1238 2822 regionibus

239 2846 301 2911 Ubi
319 2845 447 2930 habitet
465 2845 590 2911 etitem
608 2847 741 2912 alterum
759 2845 803 2910 ad
820 2844 922 2910 istanc
941 2845 1053 2930 capitis
1072 2844 1285 2930 albitudinem,

242 2952 402 3018 Calliclem
420 2952 527 3018 aiebat
544 2953 652 3018 vocari
671 2953 724 3036 qui
742 2951 801 3019 has
819 2951 896 3017 mibi
914 2951 1001 3017 dedit
1019 2951 1178 3037 epistulas.

240 3060 307 3124 Fac
324 3079 375 3125 me
393 3059 556 3125 certiorem
572 3059 658 3126 hosce
675 3059 811 3125 domines
828 3058 934 3125 siscis
952 3058 1006 3123 ubi
1024 3058 1165 3125 habitent
1187 3067 1284 3146 pater.

99 3152 104 3156 ’
283 3165 389 3231 Etiam
407 3165 478 3233 aliis
495 3166 573 3233 loeis
589 3166 676 3232 haud
698 3164 809 3252 paucis
832 3165 1083 3232 demonstrantur
1105 3166 1211 3235 formis
1235 3188 1305 3235 curu
1328 3187 1364 3232 ce

194 3273 245 3338 rel
263 3293 281 3337 c
298 3272 438 3339 homines
457 3272 611 3356 absentee,
629 3273 716 3339 velut
735 3272 825 3358 Oapt.
844 3275 873 3338 3.
884 3274 913 3338 2.
926 3275 1057 3339 1=498
1075 3294 1156 3357 sqq:

240 3378 325 3458 Quid
343 3384 394 3447 est
408 3379 536 3446 suavius
554 3401 650 3464 quam
668 3380 747 3446 bene
765 3400 831 3446 rem
849 3400 958 3464 gerere

238 3487 327 3554 Bono
345 3486 480 3572 publico,
498 3487 580 3554 sicut
594 3507 654 3571 ego
671 3485 733 3552 feci
750 3486 827 3572 beri,
846 3508 940 3572 quom

239 3595 310 3660 llmi
326 3593 412 3660 besec
433 3592 576 3660 homines.

194 3702 265 3767 Aul.
280 3703 309 3767 3.
323 3701 353 3766 5.
368 3701 411 3766 33
429 3720 509 3785 sqq:
536 3701 602 3768 Sed
623 3702 683 3767 hoc
706 3701 802 3768 etiam
827 3701 1001 3786 pulcrumst
1022 3721 1196 3787 praequam
1222 3706 1363 3786 sumptus

937 3807 990 3874 ubi
1008 3813 1126 3893 petunt
1308 3805 1310 3808 ⁴

238 3915 309 3982 Stat
325 3914 403 3981 bullo
419 3914 554 4001 phrygio
572 3915 695 3983 aurifex
712 3915 843 3983 linerius

240 4021 405 4106 Caupones
423 4022 593 4107 patagiarii
615 4022 790 4107 indusiari,

239 4127 372 4195 Solearii
390 4134 503 4212 astant,
521 4133 627 4195 astant
643 4128 846 4215 molocinan’i,
