3142 4925
785 313 805 375 8

223 578 225 581 y
251 489 367 553 Petunt
385 487 527 571 fullones,
544 489 753 556 sarcinatores
770 495 891 575 petunt,

251 596 319 659 lam
335 594 421 661 bosco
437 596 598 661 absolutos
618 616 760 661 censeas:
780 595 896 661 cedunt
912 602 1024 681 petunt
1055 637 1057 640 ·

251 702 407 786 Trecenti,
425 701 627 768 ciccumstant
644 702 843 788 phylacistue
860 703 893 767 in
909 704 1005 769 atriis.

208 810 271 875 Mil.
281 811 361 904 486:
384 810 457 875 Non
474 810 580 875 hercle
596 809 677 875 bisce
694 809 830 876 homiues
847 831 898 876 me
916 831 1035 877 marem
1053 812 1110 879 sed
1132 812 1280 878 feminam

170 921 172 924 ’
251 915 355 983 Vicini
372 920 479 981 rentur
498 936 567 982 osso
585 917 669 982 servi
686 916 801 983 militis.
1206 936 1208 940 ·

207 1025 294 1089 Poen
312 1024 342 1087 b.
354 1024 381 1087 3.
392 1023 449 1088 50:
473 1022 575 1108 Opino
594 1024 698 1090 hercle
715 1024 809 1090 hodie
828 1024 913 1108 quod
930 1044 991 1107 ego
1010 1023 1078 1090 dixi
1095 1026 1272 1110 per-iocum
1299 1019 1301 1026 ’

251 1130 289 1196 Id
308 1136 491 1196 eventurum
510 1150 578 1196 esse
597 1136 628 1195 ct
641 1150 790 1196 severum
808 1137 840 1196 et
858 1130 981 1215 serium,

251 1239 295 1328 Ut
303 1238 387 1303 ⁴bom
400 1237 599 1303 inveniantur
615 1237 710 1304 hodie
728 1258 797 1304 esse
811 1238 903 1303 huius
916 1237 1001 1302 filiae
1017 1237 1115 1323 (filiae
1129 1243 1232 1308 autem
1246 1260 1309 1305 non
1324 1239 1379 1305 ad·-

208 1351 287 1429 sunt‚
306 1344 364 1410 sed
383 1344 537 1409 adventus
557 1363 664 1410 earum
683 1344 911 1430 exspectatur);

207 1453 259 1517 vel
277 1450 483 1516 ostenduntur
501 1471 551 1516 res
571 1471 652 1534 quae
670 1443 812 1517 sannone
830 1458 952 1517 tantum
971 1458 1258 1537 commemorantur,
1277 1454 1363 1519 velut

206 1558 322 1624 Pseud.
342 1559 419 1623 810:
438 1558 511 1623 Non
529 1577 589 1641 ego
607 1559 682 1623 item
701 1578 812 1624 cenam
831 1558 944 1632 condio
962 1564 997 1623 ut
1015 1558 1070 1624 alii
1089 1559 1180 1643 coqui
1221 1563 1224 1567 ’

256 1664 318 1742 Qui
336 1662 412 1728 mihi
431 1664 559 1730 condita
577 1671 670 1750 prata
687 1665 720 1729 in
738 1664 856 1750 patinis
874 1665 1044 1750 proferunt,

250 1772 354 1836 Boves
373 1770 426 1854 qui
446 1771 595 1838 convivas
613 1771 735 1837 iaciunt
752 1771 928 1855 herbasque
948 1778 1101 1854 oggerunt

251 1879 377 1962 Easque
394 1878 507 1943 herbas
526 1878 630 1943 herbis
649 1879 719 1943 aliis
737 1899 830 1963 porro
849 1878 1000 1945 condiunt

250 1986 422 2071 Apponunt
438 1985 588 2051 rumicem
606 1986 779 2051 brassicam
796 1987 903 2051 betam
921 1985 1031 2051 blitum

251 2092 584 2158 Indunrcoriandrum
602 2092 775 2158 feniculum
791 2092 887 2159 alium
906 2098 1007 2159 atrum
1025 2093 1123 2159 holus.

239 2189 320 2263 ¹Hoo
337 2199 388 2263 hic
406 2199 532 2283 quidem
551 2197 691 2264 homines
709 2206 775 2264 tam
793 2200 919 2266 brevem
932 2200 1031 2265 vitam
1050 2201 1164 2285 colunt,

253 2305 354 2385 Quom
372 2305 460 2371 basae
477 2305 586 2371 barbas
603 2306 781 2404 huinsmorii
799 2308 832 2372 in
850 2327 939 2372 suom
958 2308 1060 2372 alvom
1080 2314 1261 2393 congerunt,

251 2413 486 2482 Formidulosas
505 2414 591 2480 dictu
608 2434 673 2479 non
691 2434 763 2481 essu
781 2415 882 2481 modo.

295 2520 379 2599 Quin
398 2520 493 2586 etiam
512 2521 662 2586 derebus
681 2541 761 2604 quae
780 2523 905 2587 omnino
923 2522 1066 2588 sensibus
1089 2522 1209 2607 percipi
1225 2543 1290 2588 nou
1307 2543 1377 2607 pos-

206 2634 286 2712 sunt,
305 2628 345 2692 de
364 2624 530 2693 abstractis
549 2628 694 2694 dicuntur
710 2628 831 2695 formae
851 2648 921 2695 oum
940 2630 1045 2695 cavel
1064 2650 1090 2713 c,
1108 2629 1194 2697 velut

206 2735 292 2800 Asin.
311 2736 341 2800 3.
355 2736 384 2799 3.
401 2736 588 2800 losa-2737:
611 2735 819 2803 Meritissumo
842 2737 909 2802 eius
932 2756 1015 2821 quae
1037 2736 1121 2801 volet
1142 2736 1295 2803 faciemus
1318 2737 1372 2821 qui

953 2841 1039 2909 bosca
1060 2863 1180 2909 autores

252 2949 383 3014 Nostros
402 2934 557 3033 dispulsos
577 2950 734 3035 compulit.

210 3057 303 3121 Mero.
323 3055 401 3120 396:
424 3054 510 3120 Nihil
534 3062 625 3141 opust
646 3056 737 3123 nobis
760 3057 876 3122 ancilla
894 3056 955 3122 nisi
973 3076 1056 3140 qnae
1073 3062 1162 3122 texat
1179 3077 1262 3141 quae
1284 3059 1381 3123 molat

252 3160 389 3244 Lignum
408 3161 523 3226 caedat
540 3183 672 3248 pensum
689 3164 788 3229 faciat
806 3164 895 3229 aedis
913 3169 1016 3229 vortat
1034 3164 1163 3248 vapulet

251 3268 440 3334 Praehibeat
459 3267 663 3335 cottidianum
681 3270 822 3336 familiae
841 3275 964 3336 coctum
982 3270 1095 3335 cibum.

252 3375 382 3440 Horace
399 3375 453 3439 illa
471 3375 601 3441 nihilum
620 3376 788 3461 quicquam
805 3378 911 3443 facere
928 3377 1042 3462 poterit
1060 3377 1241 3442 admodum.

208 3482 344 3566 itemque
374 3482 493 3547 horunc
521 3480 638 3567 (neutr.
666 3483 726 3569 pi)
755 3489 940 3569 usurpatum
973 3490 1021 3550 est
1048 3482 1122 3549 cist
1148 3486 1175 3548 1.
1202 3487 1229 3548 1.
1252 3484 1303 3550 53.
1337 3522 1378 3531 -

208 3589 306 3653 Persa
328 3590 399 3654 161.
443 3589 540 3653 Porro
557 3590 689 3657 Plautus
708 3591 783 3656 dicit
802 3590 887 3656 Trio.
909 3590 985 3655 185:

238 3695 311 3759 vEm
329 3716 401 3761 mea
418 3694 596 3780 maiefaota,
615 3716 665 3762 em
682 3717 786 3763 meam
802 3696 971 3763 'avaritiam
989 3695 1053 3761 tibi.

252 3800 390 3868 fflmctroe
407 3807 534 3887 propter
550 3822 601 3868 res
618 3803 695 3868 mihi
711 3804 814 3870 malas
831 3805 934 3869 famas
951 3802 1076 3869 ferunt?

211 3912 242 3972 et
259 3907 347 3973 Stich
368 3910 407 3974 18
427 3914 459 3974 et
479 3910 528 3993 19,
547 3908 574 3974 si
592 3910 718 3992 quidem
737 3910 839 3976 codici
855 3912 884 3976 A
901 3908 997 3976 fidem
1015 3911 1185 3978 habemusr
1199 3953 1212 3961 .-

254 4013 341 4080 Hoeo
358 4037 407 4081 res
425 4015 510 4082 vitae
527 4036 578 4082 me
596 4036 683 4081 soror
701 4022 851 4100 saturant,

253 4120 341 4221 liaeo
357 4121 433 4186 mihi
452 4121 588 4187 dividiae
607 4128 638 4187 et
656 4122 744 4188 senio
761 4129 842 4188 sunt.
