3142 4925
741 411 784 477 35

175 587 271 651 Poen.
284 587 315 651 5.
327 589 355 651 6.
368 589 400 651 7:
425 586 513 665 Quid
528 587 585 653 tibi
603 606 726 654 meeum
744 588 872 653 autem?
889 625 930 635 -
945 587 1029 665 Quin
1043 587 1139 652 hasee
1154 582 1206 651 aio
1220 583 1346 653 liberas.

175 692 222 757 sio
230 692 398 759 Muellerus
408 691 468 777 (Pl.
478 695 564 759 Pros.
573 716 603 779 p.
614 694 708 780 249);
726 695 766 760 B:
785 694 861 778 quia
878 685 1166 776 haseemoiiberas
1184 691 1253 758 CP:
1273 695 1348 776 quia

174 798 271 864 husee
289 799 383 864 modo
401 800 525 884 liberas,
542 800 682 883 Pylades
701 808 733 866 et
743 800 934 884 Geppertus:
958 800 1042 881 Quia
1059 800 1157 865 hasoe
1174 799 1296 864 affirmo
1314 800 1349 862 ii·

173 904 281 987 beras;
312 906 370 970 sed
387 906 500 990 „hasoe
518 907 587 971 mo“
606 927 676 973 esse
698 907 813 991 „husee
835 906 904 972 aio“
927 907 1078 991 probatur
1100 906 1162 971 aiio
1185 905 1267 988 loeo,
1295 903 1349 968 ubi

142 1043 151 1054 ·
176 1029 302 1094 prorsus
333 1010 418 1108 idem
444 1013 593 1080 mendum
621 1011 895 1097 deprehendimus:
924 1013 1004 1080 Meu.
1024 1014 1090 1078 532
1122 1009 1267 1096 „mebas“
1291 1031 1349 1095 pro

176 1115 330 1199 „aiebas“.

176 1224 227 1286 Ps.
238 1224 316 1288 823:
335 1223 437 1301 Quom
455 1225 551 1291 hasoe
564 1224 678 1290 herbas
691 1225 783 1290 huius
796 1225 883 1290 modi
895 1225 928 1290 in
941 1245 1031 1293 suom
1045 1225 1150 1289 alvom
1168 1229 1349 1306 congerunt.

176 1328 256 1394 Rud.
270 1330 300 1394 3.
310 1331 340 1394 4.
350 1329 392 1395 31
403 1363 445 1386 =
459 1332 477 1395 7
481 1332 537 1396 36:
560 1332 645 1397 Num
663 1333 716 1415 qui
738 1331 841 1397 minus
860 1332 955 1397 hasoe
974 1352 1044 1397 esse
1062 1336 1184 1415 oportet
1210 1330 1348 1395 liberas?

923 1476 964 1484 -
984 1435 1069 1516 Quid
1088 1436 1224 1503 liberas?

220 1562 305 1608 mss:
323 1543 419 1609 husee
437 1548 559 1627 oportet
577 1564 655 1609 esse.

175 1649 262 1714 Trin.
276 1650 349 1714 168:
368 1649 466 1715 Aedis
484 1649 604 1715 venulis
622 1650 719 1716 hasoe
736 1650 877 1717 insoribit
895 1649 1014 1715 litteris.

164 1772 169 1782 ’
253 1756 347 1820 ·181;
366 1757 478 1839 Neque
497 1756 579 1821 adeo
592 1755 688 1820 husee
704 1754 761 1841 (se.
772 1756 876 1841 aedis)
892 1757 953 1824 emi
967 1755 1042 1820 mibi
1057 1775 1116 1819 nee
1126 1776 1240 1821 usurae
1249 1777 1348 1822 meae.

365 1861 507 1927 haseemi
524 1862 563 1925 A.-

271 1969 348 2033 848:
368 1967 452 2046 Quin
471 1988 531 2050 ego
549 1987 633 2032 nunu
650 1968 779 2051 subigor
798 1970 891 2035 trium
905 1989 1065 2036 nummum
1079 1989 1186 2053 eausa,
1204 1976 1239 2035 ut
1252 1970 1348 2035 hasoe

922 2076 1072 2161 epistulas

365 2180 480 2245 Dieam
490 2180 531 2246 ab
542 2201 579 2245 eo
588 2180 714 2267 homine
722 2201 774 2246 me
784 2182 955 2267 aeoepisse,
966 2179 1346 2266 quemegoquisitnesoio.

202 2286 350 2371 ‘pase‘
367 2288 453 2352 solus
470 2287 499 2351 A
516 2288 663 2370 servavit,
682 2288 778 2352 ceteri
795 2287 890 2372 „has“
913 2288 1068 2353 exhibent.
1121 2313 1124 2320 ·

175 2392 363 2458 secuere:
384 2393 454 2477 Age
473 2393 596 2459 abduce
613 2393 709 2459 hasee
727 2394 809 2460 intro
828 2413 907 2479 quas
929 2414 1052 2459 meeum
1075 2394 1209 2478 adduxi,
1232 2393 1346 2460 Stiohe.

220 2499 352 2585 „hasce
370 2520 451 2567 uuus
468 2502 496 2565 A
514 2500 650 2584 retinuit7
669 2518 728 2566 aus
745 2502 782 2585 Β,
800 2501 859 2567 has
878 2502 981 2567 ueteri.

176 2606 271 2672 Stich.
281 2608 360 2672 435:
379 2606 449 2689 Age
472 2606 595 2671 abduoe
613 2607 708 2673 hasoe
725 2607 816 2672 iutro.
834 2608 918 2674 huno
935 2608 993 2672 tibi
1011 2608 1093 2673 dedo
1112 2608 1204 2673 diem.

219 2712 351 2796 ‚,hasoe“
368 2712 401 2777 in
420 2713 487 2777 solo
504 2714 533 2777 Α
550 2712 674 2797 legitur,
691 2714 725 2778 in
744 2715 869 2779 ueteris:
889 2713 993 2780 abdue
1012 2735 1075 2781 eas.

175 2820 268 2884 True.
282 2821 311 2884 2.
326 2820 404 2884 2.·3ε
433 2817 517 2897 Quid
540 2819 597 2885 tibi
620 2820 663 2884 ad
684 2820 781 2885 husee
805 2820 946 2886 aeeessio
973 2821 1063 2885 aedis
1091 2826 1138 2887 est
1164 2840 1263 2907 prope
1291 2829 1346 2887 aut

920 2927 1074 3014 pultatio?

263 3033 305 3098 ab
325 3052 399 3098 asae
417 3033 453 3097 Β.

175 3138 307 3203 Truo.2.
319 3139 347 3203 6.
358 3140 413 3204 6οε
431 3138 551 3222 Aoeipe
569 3138 627 3203 hoe
646 3138 710 3204 tibi.
730 3177 771 3185 -
790 3138 923 3204 Abduee
941 3140 1037 3205 hasoe
1057 3140 1188 3224 (istasoe
1205 3139 1346 3223 Bothius,

154 3274 161 3281 ·
759 3244 883 3331 Fleek.)
902 3246 975 3310 hine
994 3266 1012 3311 e
1031 3251 1200 3331 conspeetu
1217 3245 1323 3310 Suras.

264 3350 407 3417 Eandem
434 3351 566 3416 formam
593 3350 764 3417 rectissime
792 3352 927 3417 restituit
948 3352 1105 3435 Bergkius
1127 3351 1222 3417 Beitr.
1245 3373 1270 3414 z.
1292 3352 1346 3415 lat.

177 3455 353 3522 Gramm.i.
370 3459 445 3522 133:
460 3458 552 3522 Truo.
567 3457 689 3522 2.1.39
715 3477 755 3522 ex
773 3457 917 3523 eodiouru
937 3457 1131 3542 corruptelis:
1149 3458 1228 3541 „hae
1246 3458 1273 3523 si
1292 3457 1347 3522 ad—

176 3561 339 3645 gredias“:

221 3667 284 3745 Qui
301 3668 356 3733 ubi
374 3688 531 3752 quamque
549 3673 725 3735 nostrarum
739 3668 828 3735 videt
844 3689 943 3754 prope
957 3669 1046 3735 aedis
1059 3670 1155 3735 hasoe
1169 3667 1348 3752 adgredior,

6 3810 8 3825 ·
123 3802 129 3805 ·
265 3774 367 3857 „Has“
389 3774 557 3839 iuvenitur:

175 3879 291 3944 Baooir.
303 3881 400 3945 1127:
419 3880 515 3945 Reriu
532 3887 580 3945 ter
597 3886 632 3945 tu
649 3881 683 3946 in
702 3900 785 3946 auno
804 3882 862 3948 has
881 3878 972 3969 [ovis]
992 3880 1143 3963 tensitari,

175 3985 222 4050 sio
240 3986 286 4070 a,
308 3986 365 4050 sed
383 3986 416 4050 iu
434 3985 522 4052 libris
540 3986 591 4050 hio
608 4006 717 4052 versus
735 3987 780 4052 sie
805 3988 951 4054 traditur:
978 3987 1075 4055 Reriu
1096 3993 1144 4051 ter
1161 3985 1195 4049 in
1213 4004 1296 4048 anno
1313 3992 1349 4052 tu

175 4091 233 4157 has
251 4093 403 4175 tonsitari,
421 4113 523 4175 neque
536 4092 639 4176 „ovis“
657 4094 869 4165 necessarium
880 4101 936 4179 est,
955 4113 1053 4178 quare
1066 4093 1141 4158 lieet
1157 4091 1268 4157 eodem
1281 4091 1349 4156 iure

176 4198 327 4264 seribere:

1092 4290 1108 4344 3
1121 4287 1136 4319 ἢ
