3142 4925
791 387 833 449 14

224 560 309 627 'Prin
325 562 404 627 870:
421 561 550 648 Aperite
576 561 644 647 hoe,
662 562 792 648 aperite
814 562 901 640 heus,
930 561 1036 646 eequis
1059 561 1108 626 uis
1124 558 1246 645 foribus
1263 559 1396 625 tutelam

282 718 284 722 .
970 667 1068 752 gerit?

223 792 333 839 verum
354 774 443 860 Capt.
453 776 483 840 4.
494 777 523 840 2.
534 774 703 841 51=831:
722 774 843 861 aperite
861 774 950 841 lusce
968 775 1078 841 ambas
1094 776 1182 858 foris.

303 881 398 946 Mero.
420 883 497 947 129:
525 881 567 947 At
582 881 678 947 etiam
692 865 769 967 asto,
788 886 822 947 at
841 882 936 948 etiam
953 899 1043 976 cesso
1059 881 1179 965 fortitus
1196 879 1303 947 iacere
1316 880 1397 946 disco

388 997 391 1002 “
970 988 1113 1055 assulas?

303 1093 393 1161 Most.
412 1093 491 1160 453:
510 1095 667 1161 Pultando
685 1115 788 1181 paene
807 1095 948 1179 confregi
965 1094 1054 1186 laosce
1072 1095 1182 1161 ambas
1200 1093 1297 1160 foris·

235 1201 311 1267 item
328 1201 418 1270 Most.
430 1203 507 1268 648:
526 1202 591 1269 Sed
610 1201 757 1268 arraboni
774 1202 831 1267 dos
850 1202 939 1268 dedit
956 1202 1169 1286 quadraginta
1186 1204 1296 1266 namo.

276 1309 362 1374 Poen
373 1311 402 1374 3.
413 1311 442 1375 5.
453 1310 509 1375 25:
739 1309 774 1374 id
791 1328 876 1374 nunc
893 1308 941 1376 his
961 1299 1123 1375 cerebrum
1141 1308 1240 1374 uritur
1356 1292 1359 1297 ¹

359 1433 363 1440 ’
527 1416 579 1482 Me
598 1434 666 1482 esse
684 1415 738 1481 dos
756 1420 913 1482 trecentos
930 1414 1095 1498 Pdda'ppos
1114 1414 1272 1481 facturum
1289 1414 1376 1480 lucri.

275 1522 368 1588 Troe.
378 1524 407 1587 2.
419 1525 446 1589 7.
458 1523 513 1604 26¹:
525 1522 590 1588 *tac
609 1522 745 1607 quinque
764 1523 888 1614 argenti
905 1525 1015 1590 mima.

221 1629 299 1695 Asin
309 1629 339 1694 3.
348 1630 378 1694 3.
389 1628 519 1696 145=7
523 1631 579 1696 34:
602 1630 663 1695 Hic
680 1630 806 1696 inerunt
822 1630 936 1714 viginti
953 1632 1056 1696 miodo
1072 1630 1176 1696 bonae
1192 1629 1278 1693 mala
1296 1647 1393 1713 opera

572 1797 574 1800 ,
964 1743 1090 1822 partae:

266 1841 337 1908 Hos
354 1843 412 1909 tibi
428 1864 485 1910 nos
504 1844 606 1931 pactis
624 1845 746 1929 legibus
766 1845 843 1911 dare
860 1844 961 1912 iussit.

221 1949 278 2015 sed
296 1950 383 2016 Poen
393 1952 421 2015 3.
431 1952 461 2016 4.
472 1952 505 2016 3:
524 1951 592 2040 Age
612 1952 722 2038 accipe
739 1951 799 2017 hoc
817 1951 874 2017 sis:
915 1951 975 2016 Hic
993 1957 1065 2017 sunt
1081 1950 1237 2036 numerati
1255 1949 1343 2015 aurei

266 2056 413 2122 Trecenti
430 2058 550 2122 cummi
567 2040 621 2142 qui
638 2064 792 2123 vocantur
810 2055 978 2141 Philippei.

264 2161 347 2227 Hine
364 2181 414 2229 me
432 2184 576 2250 procura,
593 2184 726 2250 propere
743 2164 830 2230 hosce
848 2164 970 2232 absumi
988 2163 1068 2229 volo.

221 2287 292 2334 cum
310 2269 422 2353 quibus
440 2277 514 2357 apte
533 2271 709 2357 comparari
722 2277 855 2356 possunt
866 2270 1132 2337 looiTerentiani:
1152 2268 1265 2335 Heaut.
1275 2270 1306 2334 4.
1317 2271 1336 2335 7
1339 2321 1345 2333 .
1358 2271 1391 2335 i:

265 2376 376 2442 Minos
394 2377 521 2462 quidem
539 2378 603 2443 lam
622 2377 732 2443 decem
749 2377 845 2443 habet
863 2399 884 2442 a
902 2397 952 2443 me
970 2377 1044 2463 filia,

267 2482 370 2549 Hasce
388 2486 579 2552 ornamentis
599 2491 830 2569 consequentur
847 2486 974 2551 alterae.
1068 2516 1069 2523 κ

221 2596 251 2654 et
269 2590 390 2656 Phorm
400 2593 430 2656 4.
441 2593 470 2657 3.
480 2592 537 2656 59:
555 2592 731 2658 Nimiumst
757 2630 799 2638 -
822 2592 872 2657 Ne
900 2593 1016 2658 clama:
1044 2589 1202 2680 [relpetito
1224 2589 1314 2656 hosce
1333 2596 1391 2674 (sc.

202 2720 205 2725 ·
963 2699 1078 2785 minas)
1099 2720 1119 2764 a
1136 2719 1188 2764 me
1206 2697 1324 2763 decem.
1470 2706 1473 2713 ’

237 2823 329 2891 porro
348 2806 432 2871 Tria
452 2806 531 2871 983:
558 2806 716 2892 Properas.
737 2826 779 2870 an
802 2826 865 2870 non
882 2826 1034 2891 properas
1052 2807 1097 2871 ire
1116 2810 1256 2871 actutum
1279 2804 1320 2870 ab
1342 2803 1391 2868 dis

966 2912 1138 2998 squados

356 2992 437 3087 Men.
457 3014 535 3085 837:
553 3019 657 3086 Audio
676 3020 733 3086 sed
751 3040 816 3085 non
833 3020 921 3086 abire
937 3040 1065 3105 possum
1084 3020 1125 3086 ab
1140 2963 1193 3084 dis
1209 3016 1391 3102 rependas.
1534 3054 1536 3059 ·
1561 2966 1562 2995 ¹

219 3124 540 3191 Rud1.3.29=211:
555 3126 691 3210 aliquem
708 3127 804 3193 velim
822 3126 876 3210 qui
893 3126 969 3192 mihi
987 3147 1027 3193 ex
1044 3126 1093 3192 dis
1111 3126 1185 3190 loeis

416 3282 418 3288 .
517 3233 582 3298 Aut
598 3234 684 3299 viam
703 3239 758 3298 aut
776 3234 922 3337 semitam
938 3239 1095 3299 monstret

147 3395 149 3399 .
218 3337 298 3404 Rud
309 3340 338 3404 3.
349 3341 378 3403 2.
389 3340 533 3409 2=616:
552 3340 720 3422 Agricolae
739 3332 871 3406 adcolae
887 3340 1055 3426 propinqui
1069 3339 1123 3423 qui
1138 3339 1212 3405 estis
1230 3338 1279 3403 dis
1296 3339 1392 3421 repro

271 3555 301 3619 4.
312 3554 530 3621 3.94--1033:
547 3553 687 3637 Ecquem
705 3554 739 3619 in
756 3552 806 3619 ltis'
823 3554 897 3620 locis
915 3447 1055 3620 noilisdilui

219 3661 303 3726 Tria.
327 3662 405 3727 872:
432 3661 641 3729 Lesbonicum
663 3659 736 3726 hinc
763 3661 996 3727 adulescentem
1024 3680 1141 3744 quaero
1163 3658 1196 3725 in
1218 3658 1268 3724 leis
1294 3659 1390 3742 sopio

218 3874 304 3941 'liin
323 3876 402 3941 866:
420 3873 492 3941 Hos
509 3877 646 3960 raptores
665 3872 890 3942 demonstravit
908 3767 1054 3941 mimz
1073 3874 1244 3940 conductor
1263 3891 1360 3937 meus.

218 3984 267 4048 Ps.
286 3981 432 4049 595221127
449 3982 507 4053 loci
525 3989 620 4066 atque
638 3976 955 4066 hae'suntregiones
973 4003 1055 4067 quae
1074 3982 1115 4048 ab
1138 4001 1192 4048 ero
1214 3979 1291 4045 milri
1313 3983 1389 4045 sunt

960 4090 1205 4157 demonstratae

217 4178 309 4284 ipra
327 4198 357 4262 4.
370 4197 440 4263 nt:
459 4196 492 4262 n
510 4195 559 4263 aas
579 4162 700 4263 usone
711 4196 784 4263 aas
802 4196 946 4263 narrare
964 4195 1166 4281 Periphanes.
