3142 4925
6 20 166 210 Γ

693 464 734 527 67

139 697 143 708 .
173 644 243 711 Sibi
258 643 390 728 quisque
407 641 471 708 ruri
487 645 585 724 metit,
603 640 632 705 si
648 639 731 705 male
749 643 875 724 emptae

173 752 299 834 Forent,
316 749 408 814 uobis
425 749 504 813 abtas
520 746 685 813 redhibere
702 746 780 811 haut
797 746 914 811 liceret

129 861 247 925 Verum
259 856 294 921 id
306 876 404 922 unum
420 859 610 919 momentum
628 853 714 937 facit,
733 853 835 936 qualis
852 852 957 917 littera
974 857 1137 935 aequatum
1155 853 1302 918 etenime

6 977 10 994 '
130 987 212 1032 nom
229 983 340 1046 maso,
359 962 437 1045 dat,
455 962 531 1044 abl,
554 980 620 1025 aco.
638 980 736 1026 masc.
754 967 786 1026 et
804 960 876 1025 fem
894 959 1010 1043 formis,
1028 959 1056 1026 si
1078 959 1219 1043 sequitur
1240 979 1303 1025 vox

130 1092 213 1158 quae
230 1070 342 1155 incipit
355 1091 376 1133 a
389 1068 575 1135 consonanti
587 1067 700 1150 littera,
718 1085 842 1151 semper
851 1066 959 1132 formis
973 1065 1044 1149 „illi,
1057 1066 1128 1149 illis,
1138 1066 1217 1149 illos,
1225 1066 1303 1148 illas,

129 1179 190 1263 isti,
203 1178 281 1261 istis,
294 1176 380 1259 istos,
392 1174 491 1239 istas“
504 1193 580 1239 usus
593 1179 654 1256 est;
673 1173 723 1238 sin
739 1192 802 1238 vox
818 1191 904 1268 ,quae
921 1172 1044 1238 initium
1057 1173 1153 1239 habet
1166 1193 1188 1237 a
1200 1172 1305 1238 vocab

6 1351 7 1358 ,
130 1286 183 1352 vel
199 1285 229 1368 h,
243 1280 412 1367 ‘usurpavit
424 1281 477 1345 ille
491 1276 619 1363 quidem
631 1279 749 1345 formas
762 1279 928 1362 longiores,
946 1280 1004 1344 sed
1017 1280 1200 1364 plerumque
1209 1279 1305 1344 etiam

6 1415 8 1470 ὲ
131 1398 206 1459 aute
223 1389 351 1456 vocales
369 1393 401 1451 et
417 1387 439 1451 lr
455 1386 574 1452 formas
591 1386 748 1452 breuiores
765 1387 883 1471 posuit,
902 1406 1004 1469 neque
1022 1406 1097 1451 vero
1116 1387 1200 1469 qued
1213 1387 1306 1452 Plau·

6 1481 8 1518 ³
130 1505 182 1564 tus
198 1497 234 1563 in
249 1495 380 1582 pluralis
401 1493 523 1560 numeri
539 1493 648 1559 formis
665 1494 775 1559 horum
793 1493 1011 1578 pronominum
1030 1494 1172 1578 duplices
1188 1494 1306 1574 formas

6 1631 8 1634 ·
132 1602 265 1688 scripsit,
288 1622 360 1666 eum
378 1621 397 1666 e
413 1599 605 1685 pronominis
618 1599 822 1684 „hic“formis
840 1600 925 1666 solas
942 1599 976 1665 in
989 1607 1064 1677 „ee“
1078 1607 1228 1666 exeuntes
1251 1601 1307 1666 ad-

6 1685 13 1806 :l
132 1710 261 1793 miserit,
278 1708 381 1791 magis
399 1708 513 1772 mirum
531 1713 587 1791 est,
605 1727 701 1789 quam
720 1707 805 1790 quod
822 1706 907 1772 idem
930 1713 1025 1791 poeta
1038 1708 1072 1771 in
1086 1707 1238 1806 singulari
1251 1728 1308 1772 nu-

6 1813 8 1832 '
132 1838 233 1900 mero,
255 1836 327 1881 cum
349 1834 473 1900 semper
489 1814 570 1898 „hio,
593 1814 678 1879 huno
697 1814 774 1879 cet“
793 1814 920 1897 dixerit,
939 1819 970 1878 et
987 1814 1076 1898 „ille“
1094 1820 1126 1879 et
1142 1814 1254 1899 „illic“‚
1277 1818 1310 1882 et

133 1924 229 2009 „iste“
251 1928 282 1988 et
303 1920 422 2005 ‚,istio“,
446 1927 478 1986 et
499 1920 629 2004 ,istum“
647 1927 680 1986 et
697 1921 840 2004 „istunc“
863 1927 920 1985 cet
945 1922 1117 2005 usurpavit.
1164 1920 1309 1985 Ceterum

133 2029 310 2113 longiorum
336 2027 519 2110 formarum,
547 2047 630 2110 quae
653 2027 717 2091 iam
740 2027 827 2112 apud
845 2027 994 2092 Plautum
1011 2048 1074 2093 non
1096 2027 1190 2092 nimis
1212 2047 1310 2112 saepe

133 2135 338 2224 reperiuntur,
356 2133 444 2219 apud
462 2123 645 2198 Terentium
661 2133 727 2197 iam
744 2133 865 2198 nullum
883 2138 987 2199 exstat
1006 2134 1192 2217 exemplum.

225 2243 293 2307 lam
311 2241 354 2305 ad
371 2240 499 2323 singula
516 2240 663 2324 exempla
680 2239 845 2304 afferenda
863 2259 914 2304 me
932 2246 1117 2306 convertens
1135 2261 1189 2306 eos
1203 2260 1311 2306 omnes

97 2361 100 2366 “
134 2350 230 2432 locos,
249 2347 361 2431 quibus
378 2347 411 2411 hi
429 2367 522 2412 casus
540 2346 735 2431 praecedunt
752 2347 909 2411 voeabula
928 2367 1011 2430 quae
1029 2347 1183 2434 incipiunt
1201 2368 1220 2412 a
1240 2367 1311 2412 con·

136 2454 275 2539 sonanti,
299 2474 483 2520 enumerare
501 2453 703 2539 supersedeo,
726 2454 802 2536 quia
818 2454 905 2519 nullo
923 2474 1026 2537 neque
1043 2455 1240 2522 librariorum
1259 2442 1327 2522 ne?

136 2561 298 2646 glegentia
315 2581 418 2645 neque
436 2561 591 2627 editorum
604 2561 765 2627 temeritas
783 2561 900 2627 formas
920 2581 991 2627 oum
1006 2582 1043 2627 ee
1057 2563 1170 2627 Plauto
1193 2565 1312 2628 obstru-

137 2668 191 2751 sit;
217 2667 279 2733 nisi
302 2668 387 2750 quod
413 2667 454 2732 de
480 2688 543 2733 uno
565 2668 635 2732 loco
657 2667 900 2734 sentententiam
922 2689 1026 2733 meam
1052 2669 1222 2753 proferam,
1251 2690 1312 2752 quo

140 2774 240 2852 „illis‘
261 2793 325 2839 non
341 2780 428 2839 recte
444 2773 523 2838 mibi
540 2779 695 2839 mutatum
714 2793 783 2839 esse
802 2773 927 2839 videtur
945 2775 986 2839 ab
1004 2775 1180 2841 hominibus
1204 2774 1313 2860 doctis,

138 2880 211 2947 dico
228 2900 355 2946 versum
372 2880 426 2964 qui
449 2886 497 2945 est
513 2880 548 2944 in

183 2987 390 3054 Bacelu142:
408 2986 630 3053 Praesentibus
647 2986 709 3052 illis
727 2986 936 3071 paedagogus
954 3009 1018 3053 una
1039 2995 1075 3053 ut
1092 2990 1168 3072 siet,

137 3096 174 3159 in
191 3115 253 3177 quo
271 3113 364 3159 versu
380 3093 574 3159 restituendo
592 3113 746 3158 summam
765 3093 971 3160 eruditionem
989 3102 1022 3159 et
1039 3095 1159 3178 ingenii
1182 3116 1315 3162 acumen

138 3202 352 3286 probaverunt
369 3200 510 3264 homines
529 3200 626 3283 docti,
649 3200 789 3284 palmam
811 3199 974 3266 doetrinae
998 3208 1028 3269 et
1047 3202 1230 3285 sagacitatis
1248 3204 1316 3268 sine

140 3307 237 3372 dubio
255 3307 316 3372 fert
337 3306 526 3389 Scaligerus,
544 3306 599 3388 qui
615 3307 699 3372 hanc
717 3312 910 3372 commentus
928 3313 975 3373 est
993 3307 1218 3373 coniecturam:

137 3486 141 3491 ,
186 3415 359 3479 Praesente
376 3413 446 3478 ibus
464 3433 529 3476 una
546 3412 755 3497 paedagogus
773 3420 809 3478 ut
827 3413 895 3478 siet.

140 3521 259 3586 Verum
281 3518 451 3605 speciosior
473 3513 569 3602 quam
591 3520 694 3584 verior
717 3525 766 3585 est
788 3520 867 3585 haec
890 3520 1083 3605 coniectura,
1109 3541 1212 3605 neque
1235 3522 1318 3588 enim

141 3645 293 3711 umquam
306 3626 438 3690 Plautus
456 3626 518 3690 hac
535 3631 693 3692 structura
701 3626 983 3710 „praesenteibus“
992 3647 1067 3693 usus
1081 3634 1136 3711 est,
1155 3628 1212 3693 sed
1226 3627 1318 3692 dixit:

141 3731 204 3799 illis
231 3731 463 3817 praesentibus,
489 3732 589 3798 illisce
616 3731 800 3798 absentibus
826 3734 1039 3817 accensor,
1067 3734 1162 3799 Stich.
1184 3735 1245 3799 131
1276 3773 1318 3781 -

40 3864 46 3871 ·
141 3859 247 3921 neque
268 3837 369 3903 forma
388 3838 470 3915 rbus,
489 3838 547 3903 sed
559 3839 631 3904 rbus
645 3837 898 3924 ctSpengelium
912 3840 1056 3905 adTrue.
1069 3843 1096 3905 1.
1107 3841 1136 3904 2.
1149 3842 1202 3923 14;
1221 3861 1320 3923 quare

42 4014 46 4023 ,
145 3945 283 4013 omnium
305 3944 547 4030 pulcherrimum
570 3945 721 4028 antiquae
744 3946 889 4011 dictionis
917 3948 1094 4032 exemplum
1116 3946 1191 4030 quin
1213 3967 1320 4013 rursus

145 4052 296 4147 ePlapto
315 4051 480 4136 expellam,
498 4051 605 4116 facere
627 4071 691 4116 non
713 4072 853 4136 possum3
870 4073 974 4137 neque
996 4073 1070 4118 vero
1094 4053 1218 4118 omnino
1242 4036 1321 4138 opus

146 4160 195 4235 e'st
212 4179 231 4224 e
249 4158 421 4243 longinquo
440 4158 691 4223 emendationem
710 4164 741 4223 et
758 4159 949 4225 medicinam
966 4167 1088 4245 petere,
1107 4181 1179 4225 oum
1201 4166 1321 4225 rectum

146 4266 180 4329 in
198 4265 374 4349 propinquo
392 4265 445 4348 sit3
468 4286 570 4348 neque
594 4266 677 4330 enim
696 4266 865 4349 quicquam
884 4268 1021 4333 inlibris
1040 4275 1176 4334 erratum
1196 4274 1243 4334 est
1261 4266 1322 4333 nisi
1418 4246 1421 4257 ¹

1066 4392 1082 4446 5
1093 4392 1108 4422 ἱ
