3142 4925
778 316 823 380 80

214 514 308 582 porro
332 513 402 558 cum
425 491 574 559 credibile
596 510 660 573 nop
683 492 724 558 sit
745 493 894 578 Plautum
915 496 1049 575 utraque
1069 488 1172 554 forma
1193 507 1285 554 usum
1307 506 1388 570 esse,

216 599 350 685 ,istaec“
369 619 444 665 vero
462 598 643 683 septuagies
662 598 737 683 fere,
754 597 852 683 „ista“
870 619 933 665 non
951 596 1078 682 saepius
1097 616 1192 679 quam
1209 594 1322 660 bisvel
1339 599 1389 658 ter

215 706 366 791 posuisse,
384 705 525 789 sequitur
538 703 595 769 hos
609 706 816 789 paucissimos
830 706 915 771 locos
930 709 1090 789 corruptos
1105 722 1182 786 esse,
1200 708 1232 766 et
1240 702 1390 766 Plautum

216 833 339 897 semper
357 810 501 897 „istaec“,
527 830 699 894 numquam
717 812 817 895 „ista“
844 812 1014 896 scripsisse,
1041 814 1076 874 ut
1103 809 1239 874 eundem
1264 805 1391 891 semper

219 918 340 997 ‚‚istuc“
361 938 532 1000 numquam
553 916 676 994 „istud“
697 918 860 1003 scripsisse
881 917 965 983 infra
982 915 1211 982 demonstrabo.

305 1026 454 1091 Fortasse
471 1044 546 1090 vero
564 1044 606 1089 ne
624 1024 711 1108 apud
728 1024 911 1090 Terentium
929 1023 1055 1107 quidem
1072 1021 1205 1087 ferenda
1223 1026 1271 1086 est
1288 1017 1393 1084 forma

220 1130 468 1214 ‚dstantegitur
486 1130 570 1216 enim
588 1130 622 1194 in
638 1150 711 1196 mss.
730 1131 877 1215 „istaec“:

34 1315 40 1330 „
111 1337 113 1341 ι
216 1255 312 1350 ᾼηᾱῐ.
325 1257 353 1320 1.
366 1258 436 1320 l.1:
454 1256 519 1320 Vos
536 1254 636 1320 istaec
653 1255 735 1320 intro
755 1256 885 1341 auferte,
904 1255 998 1321 abite

298 1362 327 1425 2.
337 1362 367 1426 6.
378 1361 433 1425 25:
452 1362 521 1444 Ego
539 1361 639 1427 istaec
656 1368 745 1427 recte·
759 1369 796 1427 ut
812 1362 900 1446 fiant,
917 1362 1034 1427 videro.

298 1468 368 1533 5.4.
382 1468 436 1532 18:
454 1467 523 1550 Ego
540 1468 640 1534 istaec
662 1488 773 1535 moveo
801 1474 856 1534 aut
883 1468 980 1533 curo?
1007 1472 1133 1533 non'tu
1159 1427 1246 1532 tuom
1272 1463 1391 1528 malum
1476 1559 1480 1569 Ι
1553 1533 1554 1566 ,

964 1593 1065 1658 aequo
1084 1574 1189 1638 animo
1207 1569 1312 1638 feres?

236 1700 315 1765 Eun.
328 1702 355 1762 1.
366 1699 395 1763 2.
406 1700 440 1762 9;
458 1696 544 1762 Sane
562 1697 637 1780 quia
654 1717 730 1763 vero
747 1697 809 1763 hae
826 1697 902 1762 mihi
920 1702 1031 1782 patent
1048 1718 1171 1782 semper
1193 1697 1284 1779 fores,

457 1804 521 1867 Aut
539 1802 614 1885 quia
631 1823 700 1869 sum
719 1804 807 1887 apud
824 1809 855 1869 te
872 1804 999 1888 primus.
1019 1842 1061 1851 -
1079 1804 1176 1870 Missa
1193 1804 1292 1869 istaec
1310 1803 1392 1867 face.

175 1895 183 1904 ’
304 1911 333 1975 2.
345 1911 373 1975 3.
384 1910 440 1974 22;
458 1908 555 1974 Haud
563 1909 671 1975 similis
680 1909 801 1993 virgost
813 1910 970 1993 virginum
983 1917 1169 1994 nostrarum,
1183 1930 1262 1993 quas
1275 1914 1393 1974 matres

228 2032 229 2035 ’
963 2018 1092 2083 student
1271 2089 1273 2094 ,
1480 2023 1482 2030 ‘

458 2121 611 2187 Demissis
629 2122 745 2187 umeris
764 2142 841 2206 esse,
859 2122 965 2189 vincto
988 2130 1114 2208 pectore
1133 2144 1160 2189 e.
1171 2144 1198 2207 q.
1208 2144 1232 2188 s.
1243 2161 1285 2169 —-

358 2235 360 2240 ’
389 2227 445 2290 26;
463 2228 524 2293 Pa:
544 2226 629 2305 Quid
645 2233 702 2293 tua
720 2229 841 2294 istaec?

306 2332 335 2397 5.
348 2334 375 2396 1.
388 2333 443 2397 12:
461 2333 584 2416 Infelix,
603 2334 758 2416 siquidem
780 2341 815 2399 tu
833 2335 932 2401 istaec
949 2355 1026 2401 vera
1043 2337 1220 2421 praedicas.

78 2534 80 2545 ,
122 2428 123 2431 Ἴ
165 2447 167 2452 ’
221 2456 514 2542 Heaut.4.5.3b:ita
533 2462 567 2522 tu
584 2458 684 2523 istaec
702 2457 914 2545 tuamisceto,
932 2481 973 2527 ue
990 2481 1040 2527 me
1059 2460 1245 2527 admisceas.

307 2563 379 2627 5.4.
392 2564 446 2627 15:
464 2563 508 2627 Di
526 2563 626 2629 istaec
643 2564 838 2648 prohibeant.

221 2686 447 2752 Pho.1.3.18:
466 2687 594 2772 Beatus,
616 2688 650 2752 ni
673 2708 770 2753 unum
794 2689 883 2772 desit,
906 2690 1037 2775 animus,
1060 2692 1114 2775 qui
1132 2691 1272 2757 modeste
1295 2693 1398 2758 istaec

698 2846 700 2849 -
966 2798 1036 2862 fera

310 2902 337 2965 1.
347 2901 377 2963 4.
388 2901 445 2964 24:
605 2901 690 2983 Ergo
707 2900 807 2967 istaec
826 2921 897 2968 eum
914 2903 960 2966 ita
978 2804 1057 2988 sinti
1067 2905 1212 2991 Antipho,

309 3006 337 3069 3.
347 3006 378 3070 2.
389 3006 433 3069 32
438 3027 446 3070 :
464 3005 569 3071 Verba
586 3006 686 3071 istaec
703 3013 784 3073 sunt.

307 3112 338 3175 4.
349 3113 379 3176 3.
390 3112 446 3176 34:
608 3111 685 3189 Quis
704 3119 736 3177 te
752 3113 853 3178 istaec
870 3115 961 3180 iussit
978 3116 1084 3199 loqui?

223 3230 339 3299 sees
350 3234 380 3298 2.
393 3235 447 3298 18:
467 3233 552 3323 Quid
569 3234 646 3298 mihi
662 3235 762 3300 istaec
779 3237 912 3302 narras?

241 3338 301 3404 Ad.
312 3341 341 3403 2.
351 3342 381 3403 4.
393 3340 451 3403 11;’
608 3340 684 3406 deos
697 3328 821 3424 ¹quaeso
839 3349 873 3407 ut
890 3343 989 3410 istaec
1006 3346 1200 3429 prohibeant

309 3445 338 3508 3.
348 3446 378 3508 4.
390 3446 446 3509 32:
464 3446 526 3510 Pro
546 3452 652 3512 certon
670 3453 704 3513 tu
721 3447 822 3512 istaec
840 3448 940 3515 diois?

297 3534 446 3616 v4.3.18:
464 3553 568 3635 Atque
577 3553 676 3618 istaec
687 3550 808 3636 eadem,
817 3555 984 3637 quaemihi
993 3556 1081 3641 dixti,
1090 3562 1157 3624 tute
1167 3558 1256 3624 dicas
1265 3558 1400 3624 mulieri.

223 3638 225 3641 ’
252 3622 285 3720 δ’
293 3657 322 3721 3.
333 3657 374 3722 51
386 3676 444 3740 sq.:
463 3659 558 3724 Tace.
587 3659 660 3724 Non
676 3658 739 3723 fiet.
765 3659 855 3725 Mitte
873 3660 937 3727 iam
954 3661 1066 3727 istaec:
1091 3663 1133 3728 da
1152 3670 1184 3729 te
1201 3648 1296 3730 hodie
1313 3664 1401 3730 mihi.

227 3760 313 3839 Quos
332 3762 372 3827 ob
390 3764 614 3848 septemdecim
631 3764 717 3829 locos
734 3764 858 3830 animus
875 3786 964 3832 meus
982 3787 1020 3832 eo
1032 3767 1172 3856 inclinet,
1189 3776 1224 3836 ut
1238 3771 1334 3836 etiam
1353 3791 1402 3835 re-

225 3867 318 3950 liquis
336 3868 459 3935 duobus
476 3870 566 3936 locis:

226 3991 285 4079 Ad.
296 3994 325 4056 2.
338 3994 365 4056 1.
376 3993 433 4056 31;
451 3993 543 4076 Egon
562 3991 775 4060 debacchatus
794 4014 863 4060 sum
882 4001 987 4083 autem
1006 4016 1048 4061 an
1066 4004 1101 4063 tu
1118 3997 1153 4064 in
1169 3974 1403 4071 met—Mitte

971 4098 1147 4188 ista'atque
1166 4106 1210 4173 ad
1232 4127 1300 4172 rem
1323 4109 1403 4174 redi.
