3142 4925
708 396 751 459 49

146 571 207 637 dae
225 577 306 636 sunt.
338 569 445 648 Etiam
466 572 595 648 „horum
616 572 746 637 harum“
768 577 843 636 ante
861 570 987 637 vocales
1004 571 1038 635 in
1056 570 1141 635 libris
1159 571 1317 636 invenitur

145 679 256 763 paucis
273 679 363 761 locis,
386 678 443 744 sed
463 698 515 743 eos
535 698 642 744 onmes
660 680 828 744 mendosos
848 698 916 743 esse
936 683 967 742 11
984 678 1142 763 plerisque
1161 677 1238 742 nihil
1256 677 1316 741 nisi

146 784 229 868 quod
248 784 341 849 Mero.
362 787 436 868 832,
459 784 642 850 8111114511
664 786 697 850 in
721 786 841 868 aliquot
863 784 999 849 vidimus
1019 784 1178 849 codicibus
1197 783 1317 848 factum

146 911 214 957 esse
232 892 266 955 in
288 892 431 957 omnibus
451 892 619 975 accidisse,
646 892 727 956 falso
749 891 882 968 formas,
906 891 1037 968 „harum
1059 890 1188 955 horum“
1210 890 1317 955 formis

149 996 287 1073 „harunc
304 997 441 1063 horunc“
468 998 668 1063 substitutum
687 1018 755 1062 esse
773 996 925 1081 perfacile
944 1003 992 1061 est
1010 998 1151 1081 probatu.

146 1105 240 1169 Poen.
256 1106 391 1169 3.1.48;
414 1105 543 1169 Horunc
566 1104 617 1170 hic
640 1095 724 1169 nunc
753 1123 851 1168 causa
873 1103 956 1174 haec,
977 1104 1083 1186 agitur
1105 1109 1317 1188 spectatorum

892 1210 1010 1275 fabula,

146 1317 256 1381 horum
274 1317 353 1401 libri,
372 1317 429 1383 sed
447 1318 566 1382 horunc
584 1338 694 1382 versus
718 1317 855 1400 requirit.

146 1425 240 1488 Poen.
251 1423 280 1489 5.
291 1425 366 1495 28:
386 1423 510 1490 Oretast
527 1425 667 1510 profecto
685 1424 806 1489 horunc
824 1422 982 1488 hominum
1005 1421 1112 1487 oratio.

146 1529 256 1596 horum
273 1530 352 1615 libri,
370 1531 488 1596 horunc
506 1551 615 1596 versus
637 1532 784 1617 postulat.

146 1638 215 1702 Aul.
230 1640 260 1701 4.
275 1639 304 1702 9.
319 1639 352 1701 9:
375 1638 435 1702 Em
456 1637 549 1703 nemo
571 1638 666 1703 habet
688 1638 828 1704 horunc?
873 1636 1031 1701 Occidisti:
1055 1635 1107 1700 dic
1125 1634 1229 1720 igitur,
1248 1635 1317 1719 quis

160 1778 163 1783 ·
893 1742 994 1807 habet.
1013 1741 1138 1808 nescis?

145 1849 255 1915 horum
272 1850 352 1934 libri,
370 1849 496 1927 forma,
498 1849 648 1927 ‚horunc‘
660 1871 785 1916 versum
798 1850 832 1915 in
845 1850 877 1914 in
879 1848 1133 1933 ttitegrumresur
1102 1848 1319 1931 uit3Wagner

145 1962 252 2021 autem
271 1955 417 2021 coniecit:
438 1953 488 2044 [si]
504 1956 573 2040 quis
592 1958 687 2023 habet
674 1958 727 2043 t1),
746 1958 846 2042 possit
864 1956 960 2022 ctiam
978 1961 1078 2040 post,
1037 1956 1218 2033 t‚horurn“
1242 1955 1318 2020 addi

101 2075 106 2083 ·
145 2063 243 2146 „me“:
262 2060 490 2149 [me]occidisti.

234 2169 378 2252 Denique
402 2170 465 2234 duo
487 2175 607 2235 restant
629 2169 704 2253 loci,
731 2189 863 2253 quorum
885 2169 1019 2234 alterum
1041 2167 1318 2252 Poen.pr01.115,

146 2296 237 2357 quem
256 2296 342 2360 sane,
362 2275 436 2360 quia
449 2275 482 2339 in
491 2275 621 2362 prologo
631 2297 693 2341 non
707 2276 854 2340 Plautino
872 2275 963 2359 inest,
981 2274 1230 2359 praetermittere
1248 2294 1318 2358 pos-

145 2403 214 2446 sum
215 2387 369 2468 corrupt
370 2403 423 2446 um
442 2402 511 2447 1111
529 2402 638 2447 versus
657 2382 811 2446 declarat:

235 2490 329 2554 Pater
348 2490 458 2553 harum
476 2489 560 2553 idem
578 2488 726 2554 huiet
669 2495 726 2574 pat
727 2510 802 2554 ruus
820 2487 1095 2554 adulescentulost

146 2594 347 2679 „lraru1n“1n
372 2595 534 2662 codicibus
559 2616 628 2683 esse
651 2596 788 2679 videtur,
816 2615 885 2660 eum
910 2594 997 2679 apud
1019 2596 1154 2659 Pareum
1176 2562 1316 2678 „harum‘

145 2702 233 2784 legat
234 2722 278 2785 ur,
296 2723 398 2785 neque
416 2703 480 2767 alia
499 2676 643 2768 codicum
656 2702 792 2767 lectio
767 2707 808 2767 111
795 2701 958 2767 ttaadnot
910 2706 987 2785 1111,
1004 2721 1107 2784 neque
1122 2720 1162 2764 ex
1175 2720 1212 2764 eo
1227 2694 1320 2784 quod‘

145 2808 178 2872 iu
193 2807 346 2892 Geppcrti
365 2808 502 2874 editione
521 2809 672 2893 scriptum
691 2815 751 2875 est:
769 2807 935 2893 „harunc“,
952 2807 1102 2890 usquein
1116 2806 1319 2871 adnotatione

146 2914 173 2978 is
193 2913 361 2996 quiequam
381 2914 459 2979 dicit
481 2915 553 2980 nisi:
581 2916 620 2979 P:
642 2915 753 2980 harum
773 2953 815 2962 —
836 2915 1024 2980 contrarium
1052 2912 1197 2978 concludi
1214 2913 1320 2998 possit,

147 3019 222 3101 quia
242 3019 418 3104 Geppertus
439 3021 508 3105 ipse
535 3021 697 3105 profitetur
720 3043 754 3086 se
782 3020 899 3086 codicis
917 3021 1054 3085 Parisini
1077 3021 1226 3085 lectiones
1250 3039 1322 3083 con·

147 3131 267 3191 stanter
286 3146 541 3210 commemorare,
561 3147 601 3191 ex
621 3132 794 3192 ceterorum
814 3133 920 3193 autern
938 3147 1009 3192 mss.
1028 3125 1214 3191 lectionibus
1233 3131 1321 3189 nota-

147 3228 272 3297 biliores
294 3237 416 3296 tantum
439 3233 604 3298 ascribere.
650 3233 716 3299 Sed
733 3234 783 3298 hie
803 3235 865 3298 alio
884 3233 1023 3297 remedio
1042 3232 1192 3297 utendum
1213 3231 1321 3296 estad

147 3357 274 3402 versum
292 3339 480 3422 sanandum,
504 3360 695 3422 quamquam
712 3340 764 3405 hic
784 3360 909 3423 quoque
928 3338 1063 3404 editores
1082 3337 1238 3423 „harunc“
1258 3359 1323 3403 cor-

148 3450 304 3529 rexerunt,
322 3465 380 3528 pro
394 3445 577 3528 pronomine
592 3446 674 3511 enim
693 3445 788 3530 „hic“,
803 3446 888 3530 quod
901 3444 1077 3511 sententiae
1090 3465 1154 3509 non
1169 3444 1323 3527 convenit,

150 3648 362 3657 ——-—--—...--

241 3761 263 3828 1)
283 3762 359 3830 quod
382 3762 497 3829 probari
520 3779 580 3817 non
600 3778 687 3831 posse
706 3760 818 3816 Becker
842 3760 975 3830 exposuit
997 3760 1027 3814 in
1051 3761 1264 3816 accuratissima
1288 3761 1324 3816 de

152 3849 265 3919 syntaxi
278 3849 532 3921 interrogationum
544 3851 723 3921 obliquarum
736 3850 813 3920 apud
825 3850 937 3919 priscos
951 3849 1106 3919 scriptores
1119 3849 1237 3911 Latinos
1251 3865 1325 3904 com·
1362 3844 1364 3849 ’

151 3939 326 3992 mentatione
343 3937 372 3992 in
385 3939 583 3994 Studemuudii
602 3939 705 3994 studiis
724 3940 753 3992 in
771 3939 883 4009 priscos
903 3938 1057 4007 scriptores
1077 3938 1195 3993 Latinos
1214 3939 1325 3993 collatis

152 4042 178 4093 p.
204 4029 266 4089 129;
304 4027 356 4081 sed
387 4028 463 4096 quod
487 4027 635 4083 Beckerus
665 4032 749 4098 putat
778 4027 849 4082 nihil
877 4044 942 4083 esse
971 4027 1144 4095 mutandum,
1176 4027 1228 4082 sed
1252 4026 1326 4082 hunc

152 4129 265 4169 versum
279 4130 343 4169 esse
362 4117 555 4186 septenarium
567 4116 669 4171 mediis
689 4116 845 4171 octonariis
864 4117 1010 4187 insertum,
1029 4115 1144 4186 probari
1163 4133 1220 4171 non
1234 4116 1326 4185 magis

154 4208 257 4271 potest.

1095 4262 1115 4352 r
