3142 4925
765 404 807 469 41

201 586 291 652 dibus
309 585 367 651 BG
386 623 427 631 -
447 581 844 649 111140211111111111111
863 620 905 629 -
924 582 1013 648 Most
1029 583 1107 647 547:
1126 582 1272 649 hascedis
1291 583 1374 649 coa
1447 571 1450 576 ¹

200 731 242 739 --
252 692 341 756 Most.
352 693 430 756 6742
448 690 515 757 has.
530 686 1158 788 111111Β,’11111111111Ὀ,111111ᾰί1111-
1172 688 1261 754 Most.
1276 691 1373 754 1082:
1483 743 1490 758 s

199 798 427 880 1111111111,
453 798 511 862 has
531 796 617 862 cedis
633 795 713 860 coa
733 832 773 841 -
797 795 887 860 Most.
902 796 987 860 9502.
1009 794 1110 860 hiscin
1134 794 1373 860 1111111111-

199 904 423 987 1111111111,
442 903 543 967 hiscin
561 902 693 967 aedibus
711 902 739 965 A
759 939 800 947 -
820 901 906 966 Trin.
919 903 995 966 181:
1014 901 1199 983 hascemiA,
1219 899 1257 964 11.
1278 900 1373 966 etiam

200 1011 288 1076 Most.
312 1011 390 1074 935:
412 1010 473 1074 illis
491 1008 656 1074 'ehomines
681 1008 754 1091 OD,
782 1014 814 1072 et
836 1007 951 1071 similia
980 1008 1075 1073 etiam
1098 1008 1131 1072 in
1155 1007 1270 1073 fabulis
1294 1028 1314 1071 a
1336 1008 1372 1072 R.

199 1117 337 1183 nondum
359 1115 452 1181 editis
476 1115 632 1179 detectum
654 1114 692 1177 111
714 1114 884 1179 verisimile
907 1119 967 1197 est,
997 1134 1037 1178 ex
1055 1134 1118 1196 qua
1137 1113 1281 1178 codicum
1300 1113 1374 1178 scri-

200 1230 292 1308 ptura
311 1222 407 1287 etiam
424 1221 549 1285 facilius
568 1220 764 1304 explicantur
782 1222 978 1304 conuptelac
1000 1220 1077 1304 „hic,
1095 1218 1178 1285 illic“
1194 1239 1251 1304 pro
1269 1218 1374 1303 „hisce

200 1328 326 1412 illisce“,
344 1328 419 1411 „his,
437 1327 503 1411 hos,
521 1325 597 1391 has“
614 1326 791 1410 p1·o„hisce,
808 1326 912 1409 hosce,
931 1325 1116 1412 hasce“.¹)²)
1127 1321 1248 1394 'lamen
1263 1324 1374 1391 dehac

202 1433 382 1499 coniectura
400 1455 440 1498 ne
459 1452 567 1498 omnes
586 1433 724 1517 scrupuli
741 1433 818 1497 mihi
836 1432 899 1498 sint
913 1433 1020 1517 evulsi,
1038 1432 1189 1518 prohibet,
1208 1432 1293 1515 quod
1310 1433 1374 1516 ple·
1457 1467 1459 1470 ·

201 1559 330 1624 rumque
348 1540 488 1624 sequitur
505 1540 610 1603 littera
628 1539 681 1622 „e“
701 1538 766 1621 (vel
783 1538 887 1624 „ae“),
905 1545 979 1604 ante
998 1559 1093 1623 quam
1111 1538 1206 1604 facile
1229 1539 1305 1624 casu
1323 1538 1374 1604 vel

170 1649 173 1654 ’
202 1629 403 1730 neglegentia
427 1652 568 1710 extrema
591 1644 694 1710 littera
711 1645 823 1709 harum
841 1650 1012 1710 iormarum
1031 1645 1177 1711 excidere
1194 1644 1297 1730 potuit
1320 1643 1373 1728 (ci.

202 1753 286 1819 Trin.
298 1755 359 1817 177
379 1752 435 1817 ubi
452 1743 487 1816 in
503 1751 591 1816 EaG
609 1751 758 1836 scriptum
777 1757 836 1816 est:
855 1750 1043 1834 hisccdibus,
1062 1772 1251 1835 quamquam
1269 1751 1302 1817 in
1320 1770 1374 1815 co·

202 1860 335 1942 dicei),
358 1880 399 1924 ex
425 1878 487 1941 quo
514 1857 547 1921 hi
580 1857 706 1922 codices
729 1864 802 1923 sunt
830 1857 965 1940 oriundi,
992 1858 1080 1922 hisce
1107 1857 1239 1923 aedibus
1261 1855 1375 1939 inest),

203 1973 234 2031 11
257 1965 339 2049 quod
358 1965 454 2028 etiam
472 1963 550 2047 alia,
578 1982 708 2045 quorum
731 1984 810 2028 sane
833 1964 911 2029 satis
933 1963 1067 2045 exiguus
1086 1969 1133 2027 est
1150 1982 1305 2044 numerus,
1323 1982 1375 2027 ex-

203 2077 287 2136 stant
296 2071 442 2154 exempla
450 2070 631 2152 litterarum,
641 2090 723 2151 quae
734 2069 864 2134 elisione
874 2069 1088 2152 absumuntur,
1106 2068 1202 2132 etiam
1210 2067 1375 2133 scribendo

203 2195 265 2244 non
284 2195 511 2260 expressamm.

291 2304 356 2366 lam
376 2287 541 2384 postquam
561 2300 715 2380 quomodo
733 2298 853 2364 l'ormis:
871 2298 933 2394 „iri
951 2297 1009 2382 his,
1027 2299 1093 2383 hos,
1115 2299 1191 2364 luas“
1214 2305 1245 2363 et
1263 2298 1376 2382 „hisce

202 2409 297 2493 bisce,
315 2408 419 2490 hosce,
436 2405 550 2471 lrasce“
568 2425 643 2471 usus
666 2405 707 2470 sit
728 2406 873 2487 Plautus,
902 2410 942 2489 et,
964 2404 1048 2471 unde
1075 2405 1243 2491 explicatio
1262 2404 1376 2471 diversi

205 2535 279 2580 usus
302 2515 343 2579 sit
364 2513 548 2598 repetenda,
581 2511 657 2576 satis
686 2512 862 2597 expositum
886 2518 947 2595 est,
974 2518 1172 2579 transeamus
1195 2512 1238 2577 ad
1260 2513 1376 2576 formas

267 2820 271 2827 ⁸
296 2760 317 2826 ¹)
336 2758 429 2813 Etiam
447 2758 484 2813 A.
505 2759 631 2828 Spengel
654 2759 684 2813 in
702 2759 857 2814 Trinummi
881 2759 1007 2815 editione
1031 2776 1112 2829 quae,
1131 2765 1283 2830 postquam
1306 2758 1377 2812 haec

205 2847 316 2916 scripsi,
336 2847 446 2901 demum
465 2847 574 2915 prodiit
591 2847 642 2901 1111
662 2847 791 2902 codicum
811 2848 967 2916 scripturas
980 2847 1093 2902 notavit
1104 2846 1193 2917 praef.
1206 2847 1270 2901 XII.
1294 2846 1377 2911 Quod

205 2937 252 2991 iile
270 2952 339 2990 vero
359 2935 459 2990 eodem
476 2935 541 2990 loco
561 2935 644 2990 dicit:
664 2952 707 3001 ,u
723 2940 774 2990 125
793 2936 910 2990 retinui:
930 2936 981 2990 has
1000 2936 1090 3006 aedis,
1109 2953 1145 2991 ne
1164 2935 1299 2990 librorum
1310 2934 1376 2988 scri-

205 3032 289 3093 ptura
307 3024 362 3079 hoo
377 3024 407 3077 in
425 3039 531 3094 genere
550 3023 727 3094 obscuretur,
747 3040 915 3094 quamquam
934 3026 1029 3080 nullus
1049 3025 1158 3094 dubito,
1177 3026 1245 3094 quin
1269 3028 1376 3078 rectea

1 3153 2 3160 ,
92 3178 96 3185 ι
204 3112 394 3168 Fleckeiseno
404 3111 560 3180 repositum
571 3111 609 3165 sit
619 3110 721 3178 ,hasce
731 3112 839 3182 aedis“,
855 3112 941 3168 nimia
952 3120 1065 3169 tenetur
1075 3114 1261 3184 verecundior
1272 3111 1377 3166 etenim

207 3201 231 3255 si
249 3216 399 3270 numquam
422 3199 558 3255 librorum
578 3200 733 3270 scripturas
758 3202 821 3255 vult
844 3202 1010 3271 obscurare,
1039 3202 1151 3256 omnino
1179 3200 1377 3256 abstinendum

207 3295 252 3343 est
272 3288 491 3358 mutationibus,
519 3288 596 3358 qnod
620 3305 682 3343 cum
706 3303 799 3357 neque
823 3288 925 3344 fecerit
942 3304 1036 3358 neque
1060 3288 1156 3345 facere
1175 3290 1276 3359 possit,
1300 3293 1377 3343 certe
1433 3348 1435 3353 ,

159 3407 162 3411 ·
207 3393 258 3432 eae
277 3378 457 3432 coniecturae
475 3371 508 3431 in'
523 3375 671 3445 scriptoris
689 3376 778 3431 verba
797 3381 864 3431 sunt
876 3377 902 3430 ei
915 3376 1106 3447 recipiendae,
1127 3393 1200 3446 quae
1212 3376 1283 3430 nihil
1296 3375 1376 3430 dubi·

205 3465 323 3521 tationis
343 3466 369 3520 ei
382 3460 493 3520 'habere
510 3464 651 3519 videntur.
689 3465 723 3520 V.
738 3466 791 3520 293
810 3470 888 3519 recte
907 3464 1033 3534 Spengel
1052 3465 1150 3531 ,hisce
1167 3464 1294 3518 artibus“
1314 3479 1377 3518 cum

206 3554 344 3609 Palatinis
356 3559 463 3630 contra
481 3551 704 3608 Ambrosianum
723 3552 825 3607 iibmm
845 3552 968 3621 scripsit.

295 3661 319 3730 ⁹)
345 3659 541 3731 Typographo
568 3659 726 3715 traditurus
754 3660 826 3714 hanc
853 3658 1084 3715 dissertationem
1112 3659 1222 3728 accipio
1250 3664 1377 3713 actorum

208 3749 356 3805 societatis
381 3748 546 3818 philologae
565 3749 725 3818 Lipsiensis
744 3764 818 3818 quae
842 3748 887 3803 ed.
905 3747 1126 3803 1111111111
1148 3753 1255 3802 tomum
1271 3746 1330 3816 IV,
1348 3746 1377 3800 in

208 3854 266 3908 quo
286 3838 431 3893 Gustavus
444 3838 549 3892 Loewe
568 3837 620 3892 has
639 3836 744 3893 formas
763 3853 791 3906 p.
805 3838 858 3893 399
872 3852 934 3906 sqq.
955 3835 1083 3905 collegit3
1102 3834 1206 3903 quodsi
1223 3834 1272 3889 ille
1285 3851 1312 3903 p.
1325 3837 1375 3888 351
1457 3836 1464 3853 ⁸

109 3927 135 3939 ”
208 3927 289 3981 dicit:
309 3927 355 3981 ich
373 3927 521 3982 tiberiasse
541 3941 572 3980 11
592 3927 643 3981 der
661 3927 799 3997 Zukuntt,
819 3926 883 3980 eine
911 3922 1129 3992 befriedigende
1153 3922 1315 3991 Erkliirung
1343 3940 1378 3977 au

207 4014 316 4085 finden',
337 4013 525 4070 sufficientem
551 4013 768 4082 explicationem
792 4014 883 4068 attuli.
922 4014 1027 4069 Tamen
1049 4027 1116 4065 num
1140 4009 1224 4076 ,luein
1242 4011 1378 4067 Verstiin·

208 4103 290 4173 diger
309 4103 390 4160 diese
402 4102 524 4159 Formen
549 4102 641 4157 einem
665 4096 781 4158 blossen
800 4102 949 4160 Versehen
973 4098 1158 4156 auschreiben
1176 4098 1273 4170 wird‘,
1292 4099 1378 4154 vaide

129 4250 132 4255 ,
208 4189 316 4246 dubito.
