3142 4925
749 373 791 440 75

187 551 299 636 Amph.
310 553 340 616 2.
351 553 593 655 2203÷833=
612 552 655 621 Ut
662 554 706 620 mi
718 560 808 621 extra
824 575 920 622 unum
933 556 1114 623 temortatis
1132 576 1224 621 nemo
1243 574 1357 642 corpus

930 683 1059 749 corpore

612 786 760 871 Contigit,
784 807 846 870 qno
868 808 920 855 me
945 786 1138 872 impudicam
1161 787 1289 851 faceret.
1314 821 1357 831 -

746 876 750 881 ’
930 895 1015 961 Vera
1031 894 1132 961 istaec
1154 894 1255 960 velim.

331 1015 593 1088 429=1029=
612 1015 759 1104 Verbera,
778 1019 873 1083 etiam
893 1020 962 1104 quis
986 1041 1046 1103 ego
1073 1020 1132 1086 sim
1154 1039 1206 1085 me
1231 1017 1358 1102 rogitas,

930 1126 1084 1192 ulmorum
1106 1123 1290 1191 Acheruns?

579 1339 582 1344 ,
612 1247 776 1333 Quempcl
785 1268 846 1337 ego
859 1249 952 1316 hodie
966 1250 1005 1317 cb
1019 1250 1119 1318 istaec
1138 1250 1224 1316 dicta
1241 1249 1359 1314 faciam

931 1357 1103 1424 ferventem
1121 1356 1237 1440 flagris.

230 1559 233 1566 Ἰ
311 1479 342 1544 4.
352 1478 381 1542 2.
394 1479 485 1543 13=
496 1463 595 1543 1033:
616 1476 695 1544 Onm
705 1478 846 1546 cruciatu
857 1486 910 1545 tuc
923 1480 1023 1546 istaec
1034 1481 1138 1566 hodic,
1148 1500 1253 1564 verna,
1261 1480 1359 1546 verba

933 1587 1082 1653 t'unditas.

312 1709 664 1775 5.1.48=1100:1ta
686 1709 827 1795 profecte
848 1711 917 1779 sine
944 1711 1051 1778 dolore
1072 1711 1202 1797 peperit
1226 1748 1268 1757 -
1291 1711 1359 1775 lam

930 1818 1012 1885 istuc
1030 1817 1166 1903 gaudeo,

612 1943 691 2010 Utut
695 1963 773 2028 erga
781 1963 833 2009 me
845 1944 995 2010 meritast
1006 1981 1048 1992 -
1057 1942 1147 2009 Mitte
1155 1943 1255 2008 istaec
1264 1947 1359 2025 atque

931 2051 1011 2116 haec
1025 2069 1107 2134 qnae
1122 2049 1227 2114 dicam
1240 2048 1358 2132 accipe.

190 2154 244 2219 nbi
264 2154 402 2231 „istacc“
424 2174 495 2220 cnm
503 2155 613 2220 Fleck.
630 2156 664 2221 in
685 2156 785 2234 ,‚ista“
810 2162 932 2222 mutare
950 2156 1112 2239 nonlicet
1131 2174 1172 2221 ex
1190 2154 1236 2221 eis
1254 2161 1360 2219 autem
1485 2172 1488 2175 ⁴

189 2260 382 2346 coniecturis,
401 2281 483 2344 quae
501 2261 675 2345 excogitari
692 2269 824 2347 possunt
841 2262 884 2327 ad
901 2262 1080 2329 sanandum
1101 2281 1235 2345 versum,
1253 2258 1361 2326 verisi-

188 2367 318 2457 minna
335 2366 556 2434 enecent:
575 2352 652 2436 dat
669 2391 716 2435 me
733 2368 807 2452 erpa
828 2368 970 2433 merrae
997 2368 1036 2433 cf.
1055 2368 1140 2434 nn.
1157 2369 1256 2433 1128:
1283 2366 1360 2431 ann-

191 2492 262 2540 cum
281 2494 358 2557 erga
377 2513 419 2521 —
439 2474 528 2560 Capt.
548 2476 577 2539 2.
599 2478 625 2540 1.
640 2476 814 2541 48=2452
833 2481 865 2541 te
885 2497 963 2560 erga
978 2477 1059 2541 -2,
1075 2478 1104 2543 3.
1119 2476 1291 2541 56=4162
1309 2493 1361 2538 mc

189 2600 266 2664 erga
285 2618 326 2626 -
345 2580 431 2646 Asin.
444 2583 639 2647 1.1.5=20:
657 2582 730 2649 med
748 2602 827 2666 erga
845 2582 988 2668 *Epid
999 2584 1028 2648 3.
1039 2583 1068 2649 3.
1079 2585 1113 2649 6:
1130 2581 1204 2648 med
1223 2601 1299 2666 erga
1317 2615 1360 2626 -

189 2688 260 2752 Ter.
269 2688 382 2753 Heaut.
395 2690 422 2753 1.
433 2689 461 2752 2.
474 2688 608 2754 15==se
626 2708 703 2771 erga
718 2709 759 2737 -‘
774 2690 804 2755 2.
816 2690 845 2754 3.
856 2690 912 2754 24:
931 2694 963 2754 te
981 2709 1066 2772 erga.

266 2794 550 2860 5.1.53=1105:
569 2794 677 2860 Nimia
694 2795 774 2860 mira
792 2815 956 2880 memoras,
974 2795 1002 2861 si
1019 2795 1119 2860 istaec
1136 2814 1214 2860 vera
1231 2801 1311 2860 sunt.

148 2930 150 2933 ·
189 2900 274 2965 Asin.
287 2903 314 2964 1.
325 2902 354 2967 3.
365 2901 525 2968 35--187
533 2924 540 2967 :
558 2898 718 2968 Perdidici
735 2901 835 2968 istaec
849 2922 919 2968 esse
932 2922 1010 2968 vera
1024 2901 1140 2968 damno
1154 2921 1226 2967 cnm
1243 2920 1360 2983 magno

934 3028 1013 3074 mec.

283 3114 545 3181 5.2.59=909:
564 3114 633 3198 Ege
655 3115 709 3199 pcl
726 3115 843 3199 vivam,
866 3120 897 3180 et
920 3119 955 3180 tu
976 3114 1075 3181 istaec
1093 3113 1186 3181 hodie
1215 3134 1284 3179 cum
1307 3118 1362 3178 tac

933 3240 1050 3307 magno
1067 3221 1152 3287 malo

560 3327 729 3393 invocasti.

188 3431 303 3498 Bacch.
358 3434 414 3499 62:
434 3431 528 3518 Quid,
546 3433 670 3518 amabo,
683 3433 872 3499 ›obticuisti‘t
886 3470 928 3481 -
944 3433 1029 3513 Quia
1046 3434 1146 3501 istaec
1164 3431 1271 3519 lepida
1289 3435 1362 3497 sunt

669 3548 671 3551 ’
932 3541 1126 3606 memoratui.

333 3647 409 3711 163:
427 3646 520 3713 Peicr
537 3647 688 3731 magister
706 3653 738 3713 te
755 3647 855 3713 istaec
873 3647 988 3731 docuit,
1005 3667 1070 3713 non
1088 3667 1156 3732 ego.

332 3753 408 3817 167:
433 3752 534 3831 Quom
552 3754 652 3820 istaec
669 3753 793 3838 flagitia
810 3774 861 3820 me
879 3754 1021 3820 celavisti
1040 3761 1071 3819 et
1088 3759 1218 3839 patrem.

328 3860 407 3926 410:
425 3859 503 3925 Feci
520 3879 580 3943 ego
597 3861 697 3926 istaec
713 3861 823 3927 itidem
839 3860 874 3925 in
892 3860 1116 3926 adulescentia.

329 3966 407 4032 599:
425 3966 496 4032 'Pae
514 3986 574 4049 ego
590 3967 692 4032 istaec
708 3967 805 4051 igitur
823 3968 930 4034 dicam
945 3967 991 4033 illi
1011 3967 1160 4053 periculo.

304 4073 403 4137 1018:
422 4072 544 4140 Eadem
566 4072 666 4139 istaec
684 4074 782 4139 verba
801 4074 919 4141 dudum
936 4074 983 4140 illi
1001 4074 1068 4140 dixi
1087 4073 1200 4140 emnia

306 4178 405 4245 1196:
619 4180 681 4244 Mel
699 4199 813 4264 meum,
831 4181 955 4265 amabo,
969 4180 1072 4248 istaec
1088 4181 1174 4248 dunt
