3142 4925
720 356 764 420 25

144 552 288 615 quorum
301 532 389 616 prius
403 533 437 600 iu
451 532 557 597 modia
571 532 718 597 anacrusi
731 531 890 598 finiretur‘
900 541 932 597 et
941 532 1078 597 Mueller.
1098 532 1154 612 lc.
1164 553 1195 615 p.
1206 533 1260 596 13:
1278 532 1333 614 „ln

143 639 298 703 Senaren
321 639 397 703 dari
416 638 468 704 ein
490 640 655 724 Anapaest
677 644 754 712 statt
777 638 865 704 eines
888 638 1021 704 Jambus
1042 638 1129 703 nicht
1152 658 1186 703 so
1214 638 1332 720 slehen,

22 785 23 788 =
144 745 231 810 dass
252 745 344 811 beide
361 746 487 810 Kbrzen
505 745 582 811 oder
602 746 654 811 die
673 751 754 811 erste
776 745 828 810 ein
847 744 1018 810 Wortende
1040 744 1165 810 bilden“
1187 743 1262 808 ferri
1279 764 1332 808 nc·
1443 814 1445 817 ,

144 857 284 935 queunt.
316 850 557 918 Au1.2.815si
576 873 646 918 oum
656 852 807 918 Muellcro
821 852 915 936 „has‘
933 851 1106 934 scribimus,
1125 850 1333 935 corruptelam

145 978 192 1023 ex
201 958 291 1024 male
309 958 440 1042 repetito
458 958 548 1022 initio
566 958 712 1025 vocabuli
727 958 813 1042 quod
826 958 967 1042 sequitur
985 958 1145 1042 explicare
1158 976 1331 1041 possumus,

131 1064 210 1129 ‘sed
226 1064 416 1130 recentiores
431 1065 566 1130 editores
588 1065 720 1129 Bothius
739 1070 770 1130 et
785 1065 964 1147 Wagncrus
982 1064 1137 1129 Prisciani
1153 1062 1331 1128 lectionem:

146 1172 269 1256 „Nunc
290 1172 448 1236 tusculum
467 1171 528 1235 emi
545 1171 605 1236 hoc
624 1177 655 1236 ct
673 1190 811 1238 coronas
824 1170 955 1236 floreas“
977 1176 1172 1255 receperunt
1217 1169 1331 1233 Bacch.

147 1279 219 1342 787
250 1277 450 1344 Hermannus
474 1283 505 1342 et
526 1277 716 1343 Bitschclius
738 1283 981 1362 proposuerunt:
1004 1277 1101 1342 hasce
1119 1277 1255 1358 tabulas;
1273 1275 1332 1341 sed

146 1383 317 1467 „tabulas“
335 1385 410 1450 t'erri
423 1405 486 1449 non
499 1405 593 1468 posse
607 1384 640 1448 in
655 1404 790 1450 excursu
804 1385 1038 1466 demonstrab03
1058 1384 1165 1448 Fleck.
1186 1380 1331 1448 coniecit:

146 1490 211 1555 has
241 1491 386 1574 tabellas3
415 1484 500 1574 quod
526 1492 673 1558 Plautum
700 1491 836 1556 scribere
858 1490 999 1575 potuisse
1023 1490 1236 1556 lubentissime
1259 1508 1331 1556 conr

149 1596 245 1661 cedo.
265 1635 307 1643 -
325 1596 391 1662 Sed
408 1603 478 1662 utut
492 1587 598 1663 dehis
622 1598 720 1663 tribus
738 1597 816 1664 locis
838 1596 1041 1664 restituendis
1058 1596 1246 1679 iudicamus,
1266 1615 1332 1661 cor·

146 1708 264 1788 ruptos
283 1723 337 1770 cos
355 1723 426 1769 esse
443 1723 534 1769 nemo
553 1710 656 1788 potest
672 1724 800 1788 negare.

175 1813 177 1816 ’
247 1810 314 1873 lam
333 1809 410 1892 quid
427 1809 476 1875 his
494 1810 637 1876 omnibus
656 1811 732 1876 locis
746 1810 851 1876 allatis
866 1810 1020 1875 efficitur?
1054 1808 1132 1875 Cum
1150 1810 1330 1874 innumero

149 1916 296 1981 locorum
319 1916 431 1998 quibus
455 1937 535 1980 nom
559 1937 669 2001 maso,
693 1917 766 2000 dat,
789 1918 861 2001 abl,
889 1937 955 1982 acc.
982 1936 1078 1983 maso.
1106 1923 1138 1980 et
1159 1916 1233 1981 fem·
1256 1921 1331 1980 ante

148 2022 313 2087 vocabula
330 2023 478 2106 leguntur
491 2043 573 2106 quac
587 2044 608 2087 a
632 2024 817 2090 consonanti
839 2024 941 2089 littera
962 2023 1087 2089 initium
1110 2022 1240 2107 capiunt
1257 2040 1330 2105 yper-

149 2149 274 2211 magno
294 2167 334 2175 -
350 2135 423 2194 sunt
440 2130 538 2196 multo
557 2131 628 2215 plus
647 2149 742 2213 quam
761 2136 887 2195 centnm
905 2129 967 2194 loci
986 2168 1027 2176 -
1046 2135 1152 2194 tamen
1175 2147 1331 2193 nonnum

150 2235 283 2319 quidem
301 2241 418 2300 certum
438 2235 615 2320 exemplum
633 2236 804 2302 formarum
823 2257 894 2302 cum
913 2256 948 2301 ce
967 2236 1000 2301 in
1014 2240 1079 2301 toto
1093 2235 1206 2299 Plauto
1221 2238 1330 2316 exstet,

150 2342 321 2426 perspicue
340 2349 473 2426 apparet
495 2342 644 2408 Plautum
663 2349 737 2408 ante
758 2343 914 2409 vocabula
938 2362 1020 2426 quae
1042 2341 1197 2426 incipiunt
1219 2360 1239 2404 a
1259 2359 1330 2404 oon·

23 2449 24 2454 ’
46 2453 49 2460 “
151 2449 281 2514 sonanti
303 2448 376 2514 solis
394 2448 502 2515 formis
519 2448 580 2533 „bi
598 2449 655 2533 his,
674 2449 739 2528 hos,
759 2449 836 2516 bas“
853 2470 945 2516 usum
964 2470 1040 2515 esse.

243 2557 455 2621 Transeamus
474 2556 517 2621 ad
535 2577 590 2622 eos
607 2557 693 2637 locos
716 2556 829 2641 quibus
851 2557 885 2621 hi
908 2576 1002 2622 casus
1023 2556 1218 2640 praecedunt
1236 2573 1330 2619 voces

152 2683 289 2746 quarum
306 2662 408 2746 prima
426 2663 530 2727 littera
548 2668 596 2727 est
612 2663 732 2729 vocalis
750 2665 801 2730 vel
819 2664 847 2727 h.

246 2769 275 2833 5.
303 2769 498 2834 Nominativi
515 2769 594 2852 plur.
613 2789 708 2836 maso.
728 2790 798 2852 gen.
822 2775 896 2834 ante
919 2769 1045 2836 vocales
1064 2770 1114 2833 vel
1132 2767 1153 2831 h
1170 2766 1262 2852 positi
1287 2767 1331 2830 in-

152 2875 280 2941 venitur
297 2876 399 2940 forma
416 2875 509 2943 bisce:
580 2936 583 2941 ,

152 2982 218 3048 Mil.
229 2984 306 3046 374:
325 2983 547 3066 Nonpossunt
564 2981 641 3051 mihi
657 2983 803 3049 minaciis
822 2982 883 3048 tuis
901 2983 988 3049 hisco
1006 2981 1090 3047 oculi
1108 2980 1245 3046 colodici.

152 3088 194 3154 de
223 3109 284 3171 quo
311 3108 403 3155 versu
430 3089 525 3172 plane
553 3108 625 3155 cum
652 3087 801 3155 Muellero
835 3089 997 3155 consentio
1056 3087 1158 3152 Plaut
1185 3089 1271 3152 Pros.
1301 3103 1330 3170 p.
1415 3086 1417 3092 ’

132 3197 221 3261 ,216
240 3195 312 3261 adn.
673 3259 677 3267 ,

153 3301 217 3365 Mil.
228 3303 307 3366 486:
325 3303 398 3367 Non
415 3302 519 3367 hercle
537 3302 624 3367 hisce
641 3301 782 3368 homines
800 3322 851 3367 mc
868 3322 988 3367 marem
1007 3301 1064 3368 scd
1082 3301 1232 3367 feminam
1284 3346 1289 3357 .

198 3408 302 3474 Vicini
320 3413 426 3475 rentur
445 3427 516 3475 osse
533 3408 616 3475 servi
634 3408 749 3492 militis,

22 3608 24 3611 Ι
153 3514 250 3580 hi..e
266 3515 305 3598 A,
323 3514 410 3583 hisco
428 3513 525 3580 ceteri
542 3513 620 3581 libri.

156 3620 270 3689 Pseud.
290 3622 371 3688 539:
390 3620 475 3698 Quid
493 3620 521 3685 si
539 3620 724 3687 bisceinter
743 3640 783 3687 se
801 3626 1023 3695 consenserunt
1042 3619 1206 3704 Callipho?

153 3726 252 3792 Persa
271 3727 404 3810 abusa:
423 3729 499 3792 Post
518 3726 608 3794 dabis
627 3727 686 3793 sub
704 3727 802 3805 furcis
824 3732 905 3792 intro
929 3727 996 3810 abi,
1019 3727 1052 3791 in
1076 3746 1201 3791 crucem
1220 3762 1260 3771 -
1279 3710 1331 3791 Αἰ]

407 3892 411 3899 .
901 3854 1015 3918 parum
1033 3833 1085 3898 hic
1103 3831 1292 3902 exereitum

199 3942 296 4007 Hlsoc
314 3960 365 4007 me
383 3940 522 4007 habent?
542 3978 583 3987 -«
604 3939 797 4006 convenisse
816 3940 964 4006 Toxilum
981 3946 1013 4005 te
1031 3938 1218 4007 memineris.

242 4046 297 4113 Sic
321 4045 449 4128 quidem
465 4048 502 4111 R.
521 4047 641 4130 scribit,
665 4047 774 4115 sedin
797 4047 958 4113 codicibus
981 4047 1060 4112 hacc
1083 4047 1149 4112 fere
1171 4045 1329 4126 leguntur:

156 4150 196 4215 Et
212 4159 284 4236 post
299 4152 391 4219 dabis
399 4151 465 4217 Sub
484 4153 581 4219 furcis
590 4152 643 4217 abi
652 4152 734 4217 intro
751 4151 785 4216 in
804 4172 928 4218 crucem
938 4173 980 4218 an
990 4175 1040 4219 me
1053 4154 1104 4218 hic
1117 4171 1229 4235 parum
1243 4169 1329 4214 exer-
