3142 4925
749 442 793 506 59

183 619 298 684 nacon.
309 621 387 684 ooo:
408 621 483 684 Post
499 619 554 684 usa
572 619 705 684 surra
725 598 893 684 autenm
910 614 1011 699 aar,
1027 614 1071 678 ror
1089 610 1192 677 osaias
1209 571 1357 674 metrum.

308 727 386 791 984:
406 726 537 791 Tacitus
555 715 740 810 conscripsit
757 725 907 789 tabellas:
927 722 1111 804 obsignatas
1124 718 1188 782 has
1200 715 1288 780 dedit
1306 714 1358 778 mi.

185 825 313 896 cursa
323 834 503 897 41=411:
663 831 879 896 Mandatumst
899 828 985 911 mihi,

523 938 566 1003 Ut
583 939 641 1003 has
663 939 796 1003 tabellas
815 937 858 1002 ad
877 956 948 1001 eum
965 933 1087 999 terrem.

283 1046 311 1109 3.
322 1044 361 1109 51
374 1046 502 1109 =421:
521 1045 662 1110 Salutem
679 1044 771 1110 iussit
789 1041 1083 1127 Therapontigonus
1106 1037 1212 1112 dicere

521 1151 562 1216 Et
580 1151 638 1216 has
657 1151 790 1215 tabellas
813 1150 890 1216 dare
912 1167 962 1213 me
979 1146 1077 1212 iussit.

234 1302 236 1306 .
285 1258 313 1321 3.
324 1257 504 1322 62--4322
523 1259 643 1322 Tecum
661 1278 715 1323 oro
734 1262 766 1322 et
783 1276 910 1340 quaeso,
933 1253 988 1338 qui
1004 1253 1062 1317 has
1080 1250 1213 1315 tabellas
1236 1247 1359 1312 adferet

522 1364 602 1448 Tibi,
625 1369 661 1428 ut
679 1363 708 1429 ei
726 1363 819 1428 detur
840 1383 936 1446 quam
954 1360 1025 1426 istic
1048 1358 1111 1423 emi
1132 1355 1295 1438 virginem.

241 1471 271 1533 4.
283 1471 311 1534 3.
324 1470 503 1535 132545:
523 1469 586 1547 Qui
602 1472 660 1536 has
679 1470 814 1535 tabellas
832 1468 1014 1550 obsignatas
1033 1464 1144 1530 attulit

242 1578 273 1640 4.
284 1578 313 1640 3.
326 1577 366 1640 19
377 1575 506 1641 =551:
525 1577 655 1643 Stultior
672 1576 766 1642 stulto
784 1575 880 1658 fuisti,
899 1574 953 1658 qui
974 1573 1022 1638 his
1045 1570 1168 1636 tabellis
1188 1568 1339 1633 crederes.

184 1682 276 1766 Epid.
287 1684 356 1746 22.
368 1683 424 1747 66:
442 1682 536 1748 hodie
555 1683 672 1747 allatae
690 1688 764 1748 sunt
781 1681 927 1747 tabellae.

184 1757 253 1852 irrr.
283 1790 339 1854 aa:
357 1788 486 1854 uates?
505 1827 547 1835 -
566 1789 715 1854 resenas
732 1788 781 1854 vis
799 1786 1053 1871 rogassemus
1071 1790 1103 1849 et
1121 1783 1233 1849 aarum.

280 1897 298 1959 7
302 1896 336 1959 3:
354 1895 447 1960 Utin
471 1896 593 1962 tabellis
612 1914 690 1979 ques
709 1894 894 1978 consignavi
911 1892 963 1957 hic
980 1892 1048 1957 heri

354 2002 516 2087 Latrones,
534 2001 604 2067 ibus
623 2001 816 2067 dinumerem
839 2000 1038 2085 stipendium.

254 2109 330 2172 130:
350 2107 428 2192 Cepi
445 2108 586 2191 tabellas,
605 2108 790 2191 consignavi
809 2108 993 2172 clanculum.
1091 2134 1095 2142 ·

184 2214 373 2279 Persa24'l:
391 2213 503 2280 Toxilo
521 2215 579 2280 has
597 2214 664 2280 fero
681 2215 815 2280 tabellas
837 2220 892 2279 tuo
910 2234 971 2278 ero.

290 2320 370 2384 459:
388 2320 572 2404 Sagaristio,
590 2322 677 2404 heus,
696 2321 747 2387 exi
767 2327 862 2404 atque
880 2319 981 2385 educe
997 2317 1161 2400 virginem,

388 2427 429 2492 Et
446 2426 523 2492 istas
541 2427 684 2512 tabellas,
703 2448 782 2512 quas
802 2425 986 2511 consignavi
1003 2424 1069 2489 tibi.

292 2536 372 2600 497:
386 2524 540 2600 Tabellas
558 2535 714 2618 tenebas,
732 2536 864 2620 pellege.

172 2723 173 2726 Ἴ
293 2640 371 2705 511:
391 2639 455 2718 Qui
471 2641 528 2705 tibi
547 2641 682 2705 tabellas
700 2641 811 2706 adfert.
831 2660 908 2705 eura
926 2661 1008 2724 quae
1025 2637 1053 2703 is
1070 2638 1162 2703 volet.

292 2748 370 2813 518:
388 2746 454 2813 Sed
472 2754 506 2812 ut
525 2747 682 2832 occepisti,
701 2769 741 2813 ex
759 2747 883 2813 tabellis
901 2766 1087 2812 noscerem.

293 2853 371 2918 520:
390 2855 462 2937 Iste,
481 2853 535 2937 qui
557 2854 691 2920 tabellas
710 2855 822 2931 adfert,
842 2853 977 2919 adduxit
995 2853 1089 2918 simul

309 2953 312 2959 “
389 2961 505 3025 Fomna
524 2959 738 3044 expetundam
755 2960 918 3025 liberalem
935 2959 1103 3024 mulierem.

293 3067 372 3133 544:
390 3067 514 3151 Hospes
543 3065 598 3130 ille
630 3066 683 3149 qui
719 3067 778 3131 has
810 3067 944 3132 tabellas
981 3065 1086 3131 attulit
1121 3101 1163 3110 -
1194 3060 1358 3127 Hioincst?

872 3210 913 3219 -
933 3172 996 3236 Hic
1015 3178 1070 3237 est.

185 3283 235 3346 Ps.
268 3283 302 3345 9:
322 3279 406 3357 duic
426 3284 473 3344 est
491 3279 576 3363 quod
594 3285 628 3344 tu
646 3278 844 3344 exanimatus
862 3278 926 3343 iam
944 3279 1001 3343 hos
1018 3278 1132 3342 multos
1154 3275 1221 3341 dies

322 3387 437 3452 Gestae
455 3385 589 3451 tabellas
607 3391 720 3467 tecum,
739 3405 794 3450 eas
812 3385 960 3450 lacrumis
978 3384 1079 3449 lavis?

249 3496 305 3558 20:
325 3493 412 3578 Cape
430 3493 488 3558 has
506 3491 648 3558 tabellas:
671 3498 738 3556 tute
755 3492 828 3557 hinc
846 3497 975 3558 narrato
992 3490 1058 3573 tibi,

321 3600 412 3677 Quae
430 3621 480 3664 me
499 3599 625 3664 miseria
644 3604 676 3663 et
694 3619 770 3663 cura
788 3596 1008 3664 contabefaeit

251 3707 307 3770 27:
328 3705 390 3771 Our
407 3706 609 3771 inclementer
627 3705 705 3771 dicis
724 3705 837 3790 lepidis
854 3703 974 3786 litteris,
1000 3700 1004 3705 ⁴

320 3812 451 3896 Lepidis
469 3812 602 3895 tabellis,
620 3812 727 3898 lepida
746 3811 931 3897 conscriptis
949 3811 1066 3875 manu?

254 3920 311 3983 31:
330 3919 427 4003 Lege,
444 3919 495 3983 vel
512 3919 647 3984 tabellas
663 3917 771 3983 redde.
791 3955 833 3964 -
852 3919 950 3982 lmmo
968 3917 1051 3982 enim
1068 3917 1233 4002 pellegam.

251 4025 307 4089 35:
326 4026 429 4089 Tuam
452 4023 588 4089 amicam
605 4023 707 4107 video,
732 4024 887 4090 Calidoro.
906 4060 949 4070 --
966 4024 1029 4089 Ubi
1048 4028 1125 4107 east,
1148 4024 1297 4088 obsecro?
1316 4062 1359 4070 -

320 4130 439 4194 Eceam
456 4130 490 4195 in
508 4129 632 4195 tabellis
650 4134 836 4215 porrectam,
858 4131 891 4194 in
910 4150 984 4195 cera
1002 4130 1106 4195 cubat.
