3142 4925
659 736 880 803 EXCURSUS
909 738 947 802 Π.

639 894 726 949 Poen.
748 901 769 948 1.
789 897 879 951 2174
898 911 960 965 sqq.

96 1160 98 1164 Ι
212 1078 265 1143 Sic
284 1077 368 1144 enim
387 1074 516 1158 diceres,
536 1073 680 1139 sceleste:
698 1074 791 1138 huius
809 1074 964 1158 voluptas,
982 1079 1013 1138 te
1032 1074 1170 1157 obsecro,

210 1185 313 1263 Huius
332 1180 474 1263 deliciae,
493 1180 583 1245 huius
602 1180 697 1264 salus,
714 1179 807 1244 buius
825 1186 900 1262 vita,
918 1179 1011 1245 huius
1029 1180 1194 1264 festivitas,

211 1292 313 1355 Hirtus
331 1288 401 1371 mel,
419 1287 511 1352 huius
531 1306 592 1369 cor,
610 1286 703 1351 huius
722 1286 847 1368 ocellus,
865 1285 957 1351 huius
975 1286 1131 1370 labellum,
1150 1285 1242 1352 huius
1256 1286 1391 1370 savium,

209 1396 312 1459 Huius
332 1394 476 1476 colustra,
494 1392 585 1457 buiris
604 1391 778 1457 dulciculus
802 1396 921 1474 niseus,
939 1393 1100 1475 mastigia:

211 1501 326 1567 Omnia
343 1499 399 1564 illa
418 1502 500 1581 quat
520 1498 650 1565 dicebas
667 1504 722 1562 tda
742 1517 811 1563 esse
829 1502 1018 1562 memorares
1037 1519 1118 1564 mea.

300 1608 367 1672 Hos
385 1625 494 1671 versus
512 1610 589 1689 puto
607 1624 676 1670 esse
689 1603 853 1670 Plautinos
872 1609 928 1668 aut
940 1604 1157 1669 Plautinorum
1174 1623 1237 1669 non
1255 1604 1391 1669 multum

209 1713 385 1780 dissimiles.
430 1712 468 1775 In
494 1732 566 1776 mss.
591 1715 696 1774 autem
722 1732 772 1775 11.
799 1711 981 1775 175-178
1004 1709 1195 1775 multimodis
1219 1710 1399 1794 depravati

209 1826 291 1886 sunt.
313 1819 451 1883 Primum
470 1817 553 1882 enim
570 1837 600 1880 1.
621 1816 684 1880 175
703 1815 749 1881 sic
763 1815 909 1880 traditur:
928 1815 1029 1881 Huius
1043 1817 1105 1881 mel
1118 1815 1210 1881 huius
1225 1835 1280 1880 eor
1294 1814 1390 1881 huius

208 1926 358 1992 labellum
375 1923 468 1989 buius
486 1923 595 2004 lingua
613 1922 705 1988 huius
723 1921 846 1986 savium
862 1958 913 2004 —-,
927 1922 983 1985 sed
1001 1921 1110 2004 „huius
1124 1920 1252 2004 lingua“
1265 1927 1390 1986 rectum

208 2053 279 2100 esse
296 2030 414 2115 nequit,
432 2051 506 2094 nam
525 2049 595 2096 oum
608 2027 830 2110 Agorastocles
850 2026 936 2091 dicat
952 2048 982 2091 v.
1000 2028 1076 2091 179:
1096 2026 1211 2094 Omnia
1228 2027 1285 2092 illa
1304 2048 1389 2111 quae

208 2140 338 2206 dicebas
371 2142 426 2201 tua
459 2156 528 2202 esse
559 2153 747 2198 memorares
778 2152 863 2216 mea,
891 2132 1020 2216 Milphio
1048 2153 1122 2198 vero
1144 2133 1299 2216 virginem
1324 2154 1390 2198 non

208 2243 417 2331 appellaverit
435 2263 526 2324 suam
543 2241 684 2322 linguam
703 2260 753 2304 vv.
775 2239 963 2321 152—154,
982 2237 1087 2303 dicere
1105 2253 1169 2303 non
1186 2246 1290 2324 potest
1310 2240 1391 2304 adu-

207 2355 342 2418 lescens:
366 2350 440 2413 Non
459 2347 593 2414 diceres:
616 2365 688 2409 mea
705 2345 828 2428 lingua,
851 2344 908 2410 sed
926 2344 972 2408 sic
991 2343 1124 2409 diceres:
1147 2345 1239 2411 huius
1262 2345 1390 2427 lingua:

207 2456 334 2523 accedit
352 2454 438 2538 quod
455 2453 565 2535 lingua
584 2458 632 2517 est
654 2450 822 2536 permirum
844 2449 1104 2535 blandimentum,
1128 2471 1190 2534 quo
1212 2472 1389 2534 numquam

91 2551 95 2557 ¹
206 2565 375 2649 quisqmm
398 2562 559 2626 Romanus
584 2564 722 2622 amatam
744 2557 905 2620 mulierem
928 2556 1052 2621 videtur
1080 2558 1273 2642 appellasse,
1302 2565 1391 2623 certe

204 2690 309 2752 neque
328 2667 416 2753 apud
433 2667 582 2733 Plautum
605 2663 668 2728 ullo
692 2662 754 2739 alio
777 2662 846 2725 loco
869 2661 1025 2726 invenitur
1047 2682 1150 2745 neque
1174 2662 1261 2748 apud
1285 2662 1387 2726 alium

204 2776 391 2859 scriptorem
408 2774 592 2836 Romanum.
637 2769 679 2832 At
706 2767 802 2832 etiam
824 2789 853 2831 1.
879 2768 941 2831 172
963 2766 1089 2849 legitur:
1116 2769 1222 2833 Etiam
1249 2770 1389 2833 ocellum

204 2882 325 2948 addam
345 2884 376 2945 et
393 2876 543 2942 labellum
561 2879 593 2938 ct
610 2873 761 2955 linguam,
778 2873 836 2937 sed
854 2877 888 2936 ut
906 2877 988 2937 totus
1007 2873 1058 2937 hic
1075 2873 1163 2938 locus
1181 2870 1319 2941 refertus
1339 2882 1389 2940 est

202 2986 300 3069 vitiis,
319 2984 370 3050 hic
389 3001 513 3065 quoqne
532 2979 681 3044 mendum
699 2980 788 3060 latet,
811 2978 897 3060 quod
913 2997 976 3042 non
995 2978 1122 3042 difficile
1142 2986 1190 3044 111
1209 2981 1388 3065 deprehen-

203 3094 290 3174 dere,
313 3090 501 3170 simulatque
519 3087 553 3151 in
571 3085 599 3149 A
623 3104 692 3149 esse
714 3083 863 3148 vidimus:
891 3087 922 3146 11
944 3083 1091 3148 labellum
1114 3085 1270 3170 linguam,
1298 3089 1388 3153 unde

202 3218 269 3265 una
292 3196 398 3259 littera
423 3200 482 3269 ,‚u“
510 3192 638 3277 dempta
656 3189 806 3254 Plautina
828 3208 940 3253 manus
962 3189 1146 3254 restituitur:
1170 3197 1202 3255 11
1232 3193 1388 3259 labellum

201 3306 325 3386 lingum
349 3298 419 3383 (fut.
438 3297 538 3363 verbi:
563 3294 664 3379 lingo)
690 3293 732 3379 (v.
755 3295 819 3358 170
837 3290 940 3357 utrum
959 3314 1030 3359 cum
1047 3296 1161 3360 Botlrio
1180 3297 1388 3365 scribendum

91 3438 95 3446 ·
201 3412 256 3477 sit:
275 3409 335 3473 Em
345 3404 407 3469 mel
426 3423 476 3469 eru
495 3422 549 3467 cor
567 3422 617 3466 cm
636 3401 805 3466 colustrum
824 3419 873 3463 em
892 3400 1024 3465 salutem
1039 3420 1086 3465 ern
1102 3402 1235 3487 savium,
1250 3424 1294 3468 an
1308 3426 1389 3489 quo

200 3514 297 3582 modo
317 3511 357 3575 de
375 3509 532 3573 illoversu
549 3507 756 3573 iudicandum
774 3506 823 3588 sit,
843 3504 980 3569 dubitari
992 3506 1118 3591 potest).
1147 3507 1213 3573 Sed
1227 3514 1262 3574 ut
1276 3530 1389 3596 saepe,

201 3622 230 3687 si
249 3618 304 3701 qui
324 3634 407 3680 error
427 3620 512 3678 ortus
531 3618 591 3697 est,
616 3612 793 3697 corruptela
812 3610 902 3692 quasi
919 3611 1017 3694 pestis
1039 3611 1133 3677 latius
1156 3621 1309 3699 vagatur,
1333 3617 1388 3682 hic

201 3743 328 3811 quoqne
355 3721 488 3805 primum
516 3720 585 3783 leve
608 3719 756 3783 mendum
778 3715 910 3780 aliorum
933 3735 1101 3799 eommque
1123 3718 1388 3799 gravissimorum

199 3831 349 3898 vitiorum
367 3825 427 3890 luit
446 3845 552 3889 eausa.
588 3824 712 3889 Etenim
731 3823 807 3905 quia
825 3820 889 3884 iam
907 3821 1070 3902 legebatur
1087 3844 1116 3888 1.
1138 3825 1215 3888 172:
1235 3832 1267 3889 et
1285 3826 1387 3894 label-

200 3939 266 4002 lum
290 3941 322 4000 et
350 3931 492 4014 linguam
515 3930 619 4013 etiam,
646 3951 675 3993 1.
697 3929 759 3993 175
778 3932 849 4010 post
871 3925 981 4001 „huius
999 3926 1167 3993 labellum“
1193 3931 1306 4006 „huius
1326 3935 1387 4000 hn-

200 4048 318 4128 guam“
336 4039 487 4102 insertum
502 4040 557 4118 est,
576 4055 638 4117 quo
651 4035 736 4098 t'acto
750 4032 846 4095 aliam
860 4038 1000 4095 teneram
1014 4033 1236 4100 allocutionem
1251 4059 1387 4107 necesse

199 4152 260 4216 l‘uit
279 4144 408 4229 expelli3
428 4149 522 4225 atque
533 4160 604 4204 cum
615 4146 646 4203 et
659 4161 689 4204 1.
707 4138 770 4200 154
790 4144 858 4202 111.
877 4139 938 4201 172
952 4158 1061 4202 vocem
1075 4159 1158 4220 quae
1173 4149 1222 4206 111
1231 4143 1387 4211 labellum
