3142 4925
779 368 822 433 74

214 544 314 609 istaec
341 550 426 630 sunt,
454 565 643 630 quamquam
670 568 776 631 nugae
803 549 930 615 minime
957 554 1030 615 sunt
1060 549 1236 625 ,‚sielrtbare
1262 548 1391 634 (legen-

181 647 184 651 '
215 650 339 736 st'ande,
368 650 427 715 auf
451 651 502 717 die
531 651 586 717 der
613 653 753 722 redende
779 655 953 722 hinweisen
980 657 1097 720 kann.“
1143 655 1233 720 Idem
1264 655 1392 740 scripsit

216 763 325 821 contra
349 757 474 823 codices
496 759 583 823 Trin.
602 761 638 824 3:
664 760 756 826 illaec
783 768 857 827 sunt
879 763 1036 828 aedes-
1056 761 1140 826 Trin.
1162 763 1262 827 1080:
1290 762 1390 826 aedes

213 862 313 929 istaec
335 902 377 910 -
396 865 542 949 opinatus
560 866 647 950 apud
659 866 793 949 ,aedes
806 868 953 933 Plautum
976 869 1049 934 solis
1070 867 1262 950 longioribus
1280 867 1390 932 formis

213 989 305 1034 usum
324 990 405 1055 esse,
433 971 490 1037 sed
507 969 605 1036 tribus
624 977 747 1037 tantum
764 973 842 1040 locis
860 957 1015 1040 Plautinis
1038 974 1157 1039 formae
1180 974 1337 1057 longiores
1355 981 1390 1037 in

193 1099 286 1153 mss.
304 1078 518 1163 inveniuntur,
546 1078 594 1142 bis
612 1078 646 1164 in
664 1079 890 1145 Menaechmis:
912 1082 945 1145 in
963 1082 1063 1146 illisce
1081 1080 1222 1164 aedibus,
1240 1079 1337 1144 semel
1355 1079 1388 1142 in

214 1185 483 1269 Militeglorioso:
510 1184 617 1250 istisce
639 1184 673 1249 in
695 1186 840 1270 aedibus3
868 1188 978 1252 ceteris
1006 1186 1147 1251 omnibus
1169 1186 1246 1251 locis
1268 1186 1389 1250 formae

213 1292 282 1358 sine
301 1311 337 1357 ce
354 1291 528 1375 uaduntur,
547 1297 643 1374 atque
662 1311 733 1356 cunr
750 1293 840 1357 Most.
857 1295 920 1359 798
938 1299 969 1358 01
984 1295 1058 1376 800,
1076 1292 1130 1357 ubi
1143 1312 1252 1357 versus
1271 1292 1389 1356 arbiter

212 1418 279 1464 rem
298 1398 447 1482 decernit,
465 1418 506 1463 ne
524 1398 654 1462 minima
673 1397 800 1480 quidem
820 1398 972 1464 dubitatio
989 1420 1057 1465 esse
1074 1398 1181 1483 possit,
1200 1399 1276 1481 quin
1292 1403 1389 1482 poeta

215 1504 333 1582 ,‚istas“
345 1504 511 1588 scripserit,
529 1524 656 1588 prorsus
666 1487 749 1568 nihil
758 1511 814 1588 est,
830 1525 884 1571 cur
894 1506 938 1571 eis
957 1506 1041 1590 locis,
1061 1506 1173 1589 quibus
1191 1500 1411 1589 perversum
1570 1492 1571 1557 ἶ

213 1616 346 1694 utraque
364 1610 464 1675 forma
482 1610 556 1675 terri
569 1616 680 1695 potest,
699 1611 784 1675 Trin.
795 1613 829 1676 3:
848 1612 922 1676 illae
941 1618 1013 1677 sunt
1027 1611 1177 1678 aedes-
1190 1612 1276 1676 1080
1290 1610 1387 1675 aedes

213 1718 295 1783 istae
314 1753 355 1763 -
380 1718 443 1782 867
467 1716 539 1782 illas
563 1716 652 1781 aedis
671 1754 713 1763 --
732 1717 822 1783 Most.
841 1718 919 1782 659:
946 1717 1024 1784 istas
1043 1718 1131 1784 aedis
1151 1756 1193 1764 —-
1212 1717 1388 1796 93οι1000

202 1823 303 1889 ‘aedis
323 1860 364 1869 -
390 1822 478 1888 (lure.
494 1824 550 1888 39:
577 1823 662 1888 male
684 1822 752 1889 istis
772 1822 830 1912 (se.
854 1824 1000 1910 aedibus)
1026 1830 1141 1890 evenat
1163 1863 1205 1870 —
1228 1823 1388 1890 breviores

128 1931 132 1944 '
191 2021 195 2022 γ
212 1929 329 1995 formas
347 1930 494 1996 Plautum
512 1950 665 2015 usurpare
682 1931 822 2014 potuisse
840 1952 1001 2013 negemus.
1048 1931 1193 1996 Ceterum
1216 1929 1388 1995 admodum

214 2035 345 2102 miratus
364 2058 442 2120 sum,
461 2035 546 2119 quod
563 2037 611 2101 Fl.
627 2036 748 2102 duobus
766 2042 890 2101 tantum
907 2023 1165 2103 10111οΤ1103οῐ
1184 2036 1270 2102 1080
1281 2025 1387 2100 'muta

212 2142 266 2227 vit,
285 2143 396 2207 ceteris
417 2142 627 2228 (0111039-
642 2142 819 2228 Τ1111.867)
835 2144 972 2210 servavit
986 2143 1104 2208 formas
1122 2143 1267 2227 traditas,
1284 2162 1388 2225 neque

212 2248 590 2314 0Βο10010001.οΜ
604 2249 693 2327 „illas
704 2248 813 2315 aedis“
826 2245 1079 2333 sollicitaverunt,
1091 2250 1175 2332 quod
1184 2255 1288 2314 utrum
1298 2248 1389 2314 casui

1016 2343 1019 2352 ι

106 2407 111 2414 ,
212 2354 412 2419 tribuendum
429 2356 470 2419 sit
489 2376 531 2419 an
550 2354 678 2419 consilio
697 2355 851 2420 editorum
869 2356 984 2420 nescio.
1029 2357 1065 2419 ln
1083 2356 1264 2421 universum
1282 2360 1387 2419 autem
1570 2440 1571 2451 ἵ

213 2462 254 2527 de
269 2460 314 2527 eis
323 2462 408 2545 locis,
422 2462 534 2544 quibus
544 2462 635 2545 ,illae
644 2462 743 2526 istae“
756 2462 790 2526 in
798 2482 870 2527 mss.
879 2463 1074 2546 praecedunt
1086 2463 1389 2545 voeabula‘quorum
1519 2529 1523 2532 Α
1569 2510 1570 2533 1

136 2648 139 2654 y
212 2568 313 2652 prima
326 2568 431 2633 littera
441 2573 488 2633 est
502 2588 685 2651 consonans,
700 2568 745 2632 sic
759 2567 877 2631 iudico:
896 2568 1003 2633 Potest
1012 2568 1140 2651 quidem
1154 2588 1389 2651 nonnumquam

186 2760 188 2767 Ι
216 2681 273 2752 ,,0“
294 2674 492 2740 librariorum
516 2675 609 2758 eulpa
633 2673 801 2756 excidisse,
829 2674 887 2738 sed
905 2694 976 2738 cum
994 2694 1165 2756 numquam
1183 2674 1298 2739 idonea
1317 2694 1389 2758 pro·
1432 2686 1438 2693 “

212 2780 286 2846 ferri
295 2781 395 2866 possit
404 2801 510 2865 causa,
530 2780 569 2844 ob
588 2800 684 2862 quam
697 2780 797 2863 „illae,
815 2779 915 2844 1010οῑζ
933 2780 1008 2844 ferri
1016 2799 1080 2845 non
1089 2780 1222 2865 possint,
1240 2779 1330 2844 nobis
1341 2778 1389 2843 fa-

214 2886 343 2951 tendum
363 2893 418 2970 est,
436 2907 493 2952 nos
511 2886 566 2951 ubi
584 2886 733 2951 omissum
751 2886 791 2951 sit
803 2891 873 2969 „c“,
891 2905 1081 2968 cognoscere
1094 2907 1157 2950 non
1170 2905 1272 2970 posse,
1290 2903 1389 2968 quare

213 2992 312 3058 satius
333 2993 414 3058 duco
433 2993 550 3057 formas
569 2992 703 3057 traditas
721 2992 865 3075 retinere,
884 3012 980 3074 quarn
998 2997 1114 3057 temere
1132 2997 1262 3056 mutare.

286 3118 287 3121 ’
304 3100 471 3183 Reliquum
490 3103 537 3163 est
555 3104 590 3163 ut
609 3098 649 3163 de
667 3118 748 3163 nom.
765 3103 796 3162 01
810 3117 876 3163 acc.
890 3098 931 3182 pl.
946 3103 1044 3162 neutr.
1072 3096 1263 3182 pronominis
1288 3095 1392 3189 ,‚iste‘f

215 3206 323 3271 formis
343 3205 511 3290 disputem,
530 3203 571 3270 de
589 3205 701 3287 quibus
720 3205 892 3289 separatim
911 3225 982 3288 ago,
1000 3203 1077 3286 quia
1094 3202 1262 3287 singularis
1281 3221 1390 3266 earum

215 3317 263 3377 est
280 3312 368 3376 ratio.
401 3312 486 3376 Nam
500 3310 526 3375 si
541 3310 610 3393 quis
630 3310 748 3393 colligit
767 3311 912 3394 exempla
930 3309 1040 3374 horum
1059 3330 1188 3375 casuum
1198 3329 1269 3373 eum
1278 3306 1390 3390 lugere
1448 3330 1457 3335 ·

213 3438 277 3483 non
298 3422 410 3501 potest,
433 3421 551 3500 quanta
569 3417 609 3482 sit
631 3416 797 3481 multitudo
819 3414 939 3480 formae
966 3415 1102 3499 „istaee“
1124 3434 1202 3499 prae
1225 3413 1390 3498 paucitate

213 3524 333 3589 formae
352 3523 459 3606 „ista“.
508 3524 649 3601 ,‚Istaee“
672 3523 755 3587 enim
772 3521 977 3607 invenitur:¹)
1117 3524 1119 3529 ’

214 3630 325 3715 Amph.
336 3630 365 3693 2.
376 3630 405 3693 2.
418 3629 618 3694 124=7572
637 3629 703 3693 scio
720 3628 820 3694 istaec
839 3627 926 3692 facta
944 3626 1076 3712 proinde
1094 3632 1129 3691 ut
1147 3627 1321 3710 proloquor.

639 3735 701 3799 ista
718 3734 799 3798 haec
817 3734 896 3798 libri.

293 3831 297 3838 ’
341 3836 730 3926 01180--8100110
753 3859 813 3922 ego
839 3839 910 3924 feci,
938 3861 1000 3923 qua
1022 3839 1122 3904 istaec
1148 3843 1276 3923 propter
1304 3828 1405 3901 dicta

729 3953 731 3956 ’
962 3944 1108 4010 dieantur
1125 3944 1223 4009 mihi?

217 4160 236 4218 d
291 4090 329 4214 nb)
342 4086 431 4158 Apud
442 4085 562 4143 Neuium
572 4085 608 4140 2⁹.
621 4087 672 4140 213
684 4084 877 4154 exemplorum
889 4082 996 4139 formae
1010 4085 1133 4151 „istaee“
1148 4088 1207 4140 tres
1218 4081 1279 4138 fere
1292 4087 1391 4152 partes

238 4172 290 4216 eru
324 4200 330 4215 .
